[{"brandCode":"csd01624","pzn":"07493431","productName":"SymbioLact® A","secondaryCategories":["Ratgeber","Darmflora"],"manufacturer":"SymbioPharm GmbH","pharmaForm":"Beutel","brand":"SymbioLact","brandIntern":"SYMBIO LACT®","subBrandIntern":"A","activeSubstances":["Biotin","Milchsäurebakterienkultur"],"additiveSubstances":["Maltodextrin","Siliciumdioxid"],"additiveSubstancesHtml":"<ul><li>Maltodextrin</li><li>Siliciumdioxid</li></ul>","descriptionShort":"Zur Unterstützung einer gesunden Darmflora.","keywords":[],"unit":"St","unitQuantityString":"30","masterID":"07493431","indicationRanges":["Ohne Angabe einer Indikation, da Nichtarzneimittel"],"ratingCount":6,"averageRating":4.83,"attributes":["Lebensmittel","Nahrungsergänzungsmittel"],"prescriptionMedicine":false,"price":2728,"listPrice":3213,"netRetailPrice":2598,"priceFormatted":"€ 27,28","listPriceFormatted":"€ 32,13","potency":"","ifap":"","image":"https://cdn.shop-apotheke.com/images/symbiolact-a-beutel-D07493431-p1.jpg","hasImage":true,"deeplink":"arzneimittel/7493431/symbiolact-a.htm","applicablePromotions":"","variantDetails":"07493431|07493431|15|30 St|2728|arzneimittel/7493431/symbiolact-a.htm|product.stockStatus.available","stockStatus":"","stockStatusReason":"product.stockStatus.available","inStock":true,"pricePerUnit":"","discountInPercent":15,"created":1445168110000,"lastChanged":1598570697000,"ratingsLink":"/produktbewertungen/7493431/symbiolact-a.htm","ean":"","RPMultiplier":1,"ribbonText":"","primaryCategory":["Die Online-Apotheke für Deutschland","Die Online-Apotheke für Deutschland/Arzneimittel & weitere Produkte ","Die Online-Apotheke für Deutschland/Arzneimittel & weitere Produkte /Magen & Darm","Die Online-Apotheke für Deutschland/Arzneimittel & weitere Produkte /Magen & Darm/Regulierung der Darmflora"],"topsellerCountBucket":8,"filterAttributes":["Lebensmittel","Nahrungsergänzungsmittel"],"filterRating":0.17,"packSize":"30 St","variants":[{"id":"07493431","text":"Zur Unterstützung einer gesunden Darmflora.","webDetailPath":"arzneimittel/7493431/symbiolact-a.htm","stock":"product.stockStatus.available","active":true,"discount":"15","retailPrice":"2728","listPrice":"3213","packSize":"30 St","nowProductGroup":"sameday_nextday","attributes":["Lebensmittel","Nahrungsergänzungsmittel"],"productName":"SymbioLact® A","pricePerUnit":"","imageUrl":"https://cdn.shop-apotheke.com/images/symbiolact-a-beutel-D07493431-p1.jpg","pharmaForm":"Beutel","ribbonText":"","RPMultiplier":"1"},{"id":"00171871","text":"Mit Milchsäure bildenden Bakterien und Biotin für den Dünndarm","webDetailPath":"arzneimittel/171871/symbiolact-a.htm","stock":"product.stockStatus.available","active":false,"discount":"8","retailPrice":"7535","listPrice":"8164","packSize":"3X30 St","nowProductGroup":"sameday_nextday","attributes":["Lebensmittel","Nahrungsergänzungsmittel"],"productName":"SymbioLact® A","pricePerUnit":"","imageUrl":"https://cdn.shop-apotheke.com/images/symbiolact-a-beutel-D00171871-p1.jpg","pharmaForm":"Beutel","ribbonText":"","RPMultiplier":"1"}],"master":true,"marketplace":true,"nowProductGroup":"sameday_nextday","notOnStockMessage":"","stockStatusColor":"green","categoryCodes":["csd00001","csd00219","csd00228","root","catalogs","main","themeshop","csd03065"],"prices":{"listPrice":{"amount":32.13,"net":30.6,"currency":"EUR","info":{"index":1,"text":"AVP / UVP"}},"retailPrice":{"amount":27.28,"net":25.98,"currency":"EUR","info":{"index":1,"text":"AVP / UVP"}}},"calculatedRatingRanking":2.75,"objectID":"07493431","_highlightResult":{"activeSubstances":[{"value":"Biotin","matchLevel":"none","matchedWords":[]},{"value":"Milchsäurebakterienkultur","matchLevel":"none","matchedWords":[]}]},"_rankingInfo":{"nbTypos":0,"firstMatchedWord":0,"proximityDistance":0,"userScore":100,"geoDistance":0,"geoPrecision":1,"nbExactWords":1,"words":1,"filters":1,"personalization":{"score":0,"rankingScore":0,"filtersScore":0,"textualRelevanceBucket":0,"initialPosition":0,"newPosition":0}}},{"brandCode":"","pzn":"08104695","productName":"Outdoor-Set Insectolin + Apis Mellifica D6","secondaryCategories":["Reiseapotheke","Reisesets","Homöopathie & Naturprodukte","Sets","Einzelmittel","A","Hausapotheke","% Hausapotheke Spar-Sets %","Landingpages","Insektenschutz & Sonnenbrand","Landingpages","Mücken- und Sonnenschutz"],"manufacturer":"DHU-Arzneimittel GmbH & Co. KG","pharmaForm":"Set","brand":"","brandIntern":"DHU","subBrandIntern":"","activeSubstances":[],"additiveSubstances":[],"additiveSubstancesHtml":"","descriptionShort":"Frühlingshelfer für Groß und Klein","keywords":["insektenstich","insekten","insektenschutz","apis","Apis Mellifica","reiseset"],"unit":"St","unitQuantityString":"1","masterID":"08104695","indicationRanges":[],"ratingCount":0,"averageRating":0,"attributes":["apothekenpflichtig","Arzneimittel"],"prescriptionMedicine":false,"price":1149,"listPrice":1725,"netRetailPrice":991,"priceFormatted":"€ 11,49","listPriceFormatted":"€ 17,25","potency":"","ifap":"","image":"https://cdn.shop-apotheke.com/images/outdoor-set-insectolin-apis-mellifica-d6-set-D08104695-p1.jpg","hasImage":true,"deeplink":"homoeopathie/8104695/outdoor-set-insectolin-apis-mellifica-d6.htm","applicablePromotions":"promotion=Sparsets","variantDetails":"08104695|08104695|33|1 St|1149|homoeopathie/8104695/outdoor-set-insectolin-apis-mellifica-d6.htm|product.stockStatus.available","stockStatus":"","stockStatusReason":"product.stockStatus.available","inStock":true,"pricePerUnit":"","discountInPercent":33,"created":1551698184000,"lastChanged":1598571013000,"ratingsLink":"/produktbewertungen/8104695/outdoor-set-insectolin-apis-mellifica-d6.htm","ean":"","RPMultiplier":1,"ribbonText":"Sparset","primaryCategory":["Die Online-Apotheke für Deutschland","Die Online-Apotheke für Deutschland/Arzneimittel & weitere Produkte ","Die Online-Apotheke für Deutschland/Arzneimittel & weitere Produkte /Haus- & Reiseapotheke","Die Online-Apotheke für Deutschland/Arzneimittel & weitere Produkte /Haus- & Reiseapotheke/Reiseapotheke","Die Online-Apotheke für Deutschland/Arzneimittel & weitere Produkte /Haus- & Reiseapotheke/Reiseapotheke/Insekten- & Mückenschutz"],"topsellerCountBucket":6,"filterAttributes":[],"filterRating":5,"packSize":"1 St","variants":[{"id":"08104695","text":"Frühlingshelfer für Groß und Klein","webDetailPath":"homoeopathie/8104695/outdoor-set-insectolin-apis-mellifica-d6.htm","stock":"product.stockStatus.available","active":true,"discount":"33","retailPrice":"1149","listPrice":"1725","packSize":"1 St","nowProductGroup":"sameday_nextday","attributes":["apothekenpflichtig","Arzneimittel"],"productName":"Outdoor-Set Insectolin + Apis Mellifica D6","pricePerUnit":"","imageUrl":"https://cdn.shop-apotheke.com/images/outdoor-set-insectolin-apis-mellifica-d6-set-D08104695-p1.jpg","pharmaForm":"Set","ribbonText":"Sparset","RPMultiplier":"1"}],"master":true,"marketplace":false,"nowProductGroup":"sameday_nextday","notOnStockMessage":"","stockStatusColor":"green","categoryCodes":["csd00001","csd00077","csd00116","csd01578","csd00119","csd00850","csd00914","csd00915","csd01573","csd02753","csd03091","root","catalogs","main","landingpages","csd04004","csd04412"],"prices":{"listPrice":{"amount":17.25,"net":14.87,"currency":"EUR","info":{"index":1,"text":"AVP / UVP"}},"retailPrice":{"amount":11.49,"net":9.91,"currency":"EUR","info":{"index":1,"text":"AVP / UVP"}}},"calculatedRatingRanking":2.5,"objectID":"08104695","_rankingInfo":{"nbTypos":0,"firstMatchedWord":0,"proximityDistance":0,"userScore":99,"geoDistance":0,"geoPrecision":1,"nbExactWords":1,"words":1,"filters":1,"personalization":{"score":0,"rankingScore":0,"filtersScore":0,"textualRelevanceBucket":0,"initialPosition":1,"newPosition":1}}},{"brandCode":"","pzn":"03578107","productName":"formoline A Figurtropfen","secondaryCategories":[],"manufacturer":"Certmedica International GmbH","pharmaForm":"Tropfen","brand":"","brandIntern":"formoline","subBrandIntern":"A","activeSubstances":["Fucus vesiculosus D6"],"additiveSubstances":["Ethanol"],"additiveSubstancesHtml":"<ul><li>Ethanol</li></ul>","descriptionShort":"Homöopathisches Arzneimittel zur unterstützenden Behandlung von Übergewicht","keywords":["diät"],"unit":"ml","unitQuantityString":"100","masterID":"03578107","indicationRanges":["Antiadiposita","Homöopathika"],"ratingCount":1,"averageRating":5,"attributes":["apothekenpflichtig","homöopathisch","Arzneimittel"],"prescriptionMedicine":false,"price":2771,"listPrice":3402,"netRetailPrice":2389,"priceFormatted":"€ 27,71","listPriceFormatted":"€ 34,02","potency":"","ifap":"","image":"https://cdn.shop-apotheke.com/images/formoline-a-figurtropfen-tropfen-D03578107-p1.jpg","hasImage":true,"deeplink":"homoeopathie/3578107/formoline-a-figurtropfen.htm","applicablePromotions":"","variantDetails":"03578107|03578107|19|100 ml|2771|homoeopathie/3578107/formoline-a-figurtropfen.htm|product.stockStatus.available","stockStatus":"","stockStatusReason":"product.stockStatus.available","inStock":true,"pricePerUnit":"27,71 € / 100 ml","discountInPercent":19,"created":1445168425000,"lastChanged":1598569550000,"ratingsLink":"/produktbewertungen/3578107/formoline-a-figurtropfen.htm","ean":"","RPMultiplier":1,"ribbonText":"","primaryCategory":["Die Online-Apotheke für Deutschland","Die Online-Apotheke für Deutschland/Homöopathie & Naturprodukte","Die Online-Apotheke für Deutschland/Homöopathie & Naturprodukte/Anwendungsgebiete","Die Online-Apotheke für Deutschland/Homöopathie & Naturprodukte/Anwendungsgebiete/Homöopathisch","Die Online-Apotheke für Deutschland/Homöopathie & Naturprodukte/Anwendungsgebiete/Homöopathisch/Abnehmen"],"topsellerCountBucket":5,"filterAttributes":["homöopathisch"],"filterRating":0,"packSize":"100 ml","variants":[{"id":"03578107","text":"Homöopathisches Arzneimittel zur unterstützenden Behandlung von Übergewicht","webDetailPath":"homoeopathie/3578107/formoline-a-figurtropfen.htm","stock":"product.stockStatus.available","active":true,"discount":"19","retailPrice":"2771","listPrice":"3402","packSize":"100 ml","nowProductGroup":"none","attributes":["apothekenpflichtig","homöopathisch","Arzneimittel"],"productName":"formoline A Figurtropfen","pricePerUnit":"27,71 € / 100 ml","imageUrl":"https://cdn.shop-apotheke.com/images/formoline-a-figurtropfen-tropfen-D03578107-p1.jpg","pharmaForm":"Tropfen","ribbonText":"","RPMultiplier":"1"}],"master":true,"marketplace":false,"nowProductGroup":"none","notOnStockMessage":"","stockStatusColor":"green","categoryCodes":["csd00850","csd00851","csd00852","csd00853"],"prices":{"listPrice":{"amount":34.02,"net":29.33,"currency":"EUR","info":{"index":1,"text":"AVP / UVP"}},"retailPrice":{"amount":27.71,"net":23.89,"currency":"EUR","info":{"index":1,"text":"AVP / UVP"}}},"calculatedRatingRanking":2.55,"objectID":"03578107","_highlightResult":{"activeSubstances":[{"value":"Fucus vesiculosus D6","matchLevel":"none","matchedWords":[]}]},"_rankingInfo":{"nbTypos":0,"firstMatchedWord":0,"proximityDistance":0,"userScore":98,"geoDistance":0,"geoPrecision":1,"nbExactWords":1,"words":1,"filters":1,"personalization":{"score":0,"rankingScore":0,"filtersScore":0,"textualRelevanceBucket":0,"initialPosition":2,"newPosition":2}}},{"brandCode":"","pzn":"08104694","productName":"Homöopathie Für alle Fälle-Set","secondaryCategories":["Homöopathisch","Hautpflege","Einzelmittel","A","Haut","Homöopathische Produkte","Homöopathie & Naturprodukte","Sets","Hausapotheke","% Hausapotheke Spar-Sets %"],"manufacturer":"DHU-Arzneimittel GmbH & Co. KG","pharmaForm":"Set","brand":"","brandIntern":"DHU","subBrandIntern":"","activeSubstances":[],"additiveSubstances":[],"additiveSubstancesHtml":"","descriptionShort":"Für alle Fälle gut versorgt","keywords":["Arnika","Arnica","arnika salbe","arnika globuli","Arnica Salbe","Arnica globuli","arnica D6","arnikasalbe"],"unit":"St","unitQuantityString":"1","masterID":"08104694","indicationRanges":[],"ratingCount":0,"averageRating":0,"attributes":["apothekenpflichtig","Arzneimittel"],"prescriptionMedicine":false,"price":1699,"listPrice":2495,"netRetailPrice":1465,"priceFormatted":"€ 16,99","listPriceFormatted":"€ 24,95","potency":"","ifap":"","image":"https://cdn.shop-apotheke.com/images/homoeopathie-fuer-alle-faelle-set-set-D08104694-p1.jpg","hasImage":true,"deeplink":"homoeopathie/8104694/homoeopathie-fuer-alle-faelle-set.htm","applicablePromotions":"promotion=Sparsets","variantDetails":"08104694|08104694|32|1 St|1699|homoeopathie/8104694/homoeopathie-fuer-alle-faelle-set.htm|product.stockStatus.available","stockStatus":"","stockStatusReason":"product.stockStatus.available","inStock":true,"pricePerUnit":"","discountInPercent":32,"created":1551693678000,"lastChanged":1598571013000,"ratingsLink":"/produktbewertungen/8104694/homoeopathie-fuer-alle-faelle-set.htm","ean":"","RPMultiplier":1,"ribbonText":"Sparset","primaryCategory":["Die Online-Apotheke für Deutschland","Die Online-Apotheke für Deutschland/Homöopathie & Naturprodukte","Die Online-Apotheke für Deutschland/Homöopathie & Naturprodukte/Anwendungsgebiete","Die Online-Apotheke für Deutschland/Homöopathie & Naturprodukte/Anwendungsgebiete/Homöopathisch","Die Online-Apotheke für Deutschland/Homöopathie & Naturprodukte/Anwendungsgebiete/Homöopathisch/Schmerzen"],"topsellerCountBucket":4,"filterAttributes":[],"filterRating":5,"packSize":"1 St","variants":[{"id":"08104694","text":"Für alle Fälle gut versorgt","webDetailPath":"homoeopathie/8104694/homoeopathie-fuer-alle-faelle-set.htm","stock":"product.stockStatus.available","active":true,"discount":"32","retailPrice":"1699","listPrice":"2495","packSize":"1 St","nowProductGroup":"nextday","attributes":["apothekenpflichtig","Arzneimittel"],"productName":"Homöopathie Für alle Fälle-Set","pricePerUnit":"","imageUrl":"https://cdn.shop-apotheke.com/images/homoeopathie-fuer-alle-faelle-set-set-D08104694-p1.jpg","pharmaForm":"Set","ribbonText":"Sparset","RPMultiplier":"1"}],"master":true,"marketplace":false,"nowProductGroup":"nextday","notOnStockMessage":"","stockStatusColor":"green","categoryCodes":["csd00850","csd00851","csd00852","csd00878","csd00864","csd00914","csd00915","csd00001","csd00144","csd00158","csd01085","csd01573","csd00077","csd02753","csd03091"],"prices":{"listPrice":{"amount":24.95,"net":21.51,"currency":"EUR","info":{"index":1,"text":"AVP / UVP"}},"retailPrice":{"amount":16.99,"net":14.65,"currency":"EUR","info":{"index":1,"text":"AVP / UVP"}}},"calculatedRatingRanking":2.5,"objectID":"08104694","_rankingInfo":{"nbTypos":0,"firstMatchedWord":0,"proximityDistance":0,"userScore":97,"geoDistance":0,"geoPrecision":1,"nbExactWords":1,"words":1,"filters":1,"personalization":{"score":0,"rankingScore":0,"filtersScore":0,"textualRelevanceBucket":0,"initialPosition":3,"newPosition":3}}},{"brandCode":"","pzn":"03577415","productName":"formoline A Figurtropfen","secondaryCategories":[],"manufacturer":"Certmedica International GmbH","pharmaForm":"Tropfen","brand":"","brandIntern":"formoline","subBrandIntern":"A","activeSubstances":["Fucus vesiculosus D6"],"additiveSubstances":["Ethanol"],"additiveSubstancesHtml":"<ul><li>Ethanol</li></ul>","descriptionShort":"Homöopathisches Arzneimittel zur unterstützenden Behandlung von Übergewicht","keywords":[],"unit":"ml","unitQuantityString":"50","masterID":"03577415","indicationRanges":["Antiadiposita","Homöopathika"],"ratingCount":1,"averageRating":0,"attributes":["apothekenpflichtig","homöopathisch","Arzneimittel"],"prescriptionMedicine":false,"price":1564,"listPrice":1930,"netRetailPrice":1348,"priceFormatted":"€ 15,64","listPriceFormatted":"€ 19,30","potency":"","ifap":"","image":"https://cdn.shop-apotheke.com/images/formoline-a-figurtropfen-tropfen-D03577415-p1.jpg","hasImage":true,"deeplink":"homoeopathie/3577415/formoline-a-figurtropfen.htm","applicablePromotions":"","variantDetails":"03577415|03577415|19|50 ml|1564|homoeopathie/3577415/formoline-a-figurtropfen.htm|product.stockStatus.available","stockStatus":"","stockStatusReason":"product.stockStatus.available","inStock":true,"pricePerUnit":"31,28 € / 100 ml","discountInPercent":19,"created":1445171119000,"lastChanged":1598569550000,"ratingsLink":"/produktbewertungen/3577415/formoline-a-figurtropfen.htm","ean":"","RPMultiplier":1,"ribbonText":"","primaryCategory":["Die Online-Apotheke für Deutschland","Die Online-Apotheke für Deutschland/Homöopathie & Naturprodukte","Die Online-Apotheke für Deutschland/Homöopathie & Naturprodukte/Anwendungsgebiete","Die Online-Apotheke für Deutschland/Homöopathie & Naturprodukte/Anwendungsgebiete/Homöopathisch","Die Online-Apotheke für Deutschland/Homöopathie & Naturprodukte/Anwendungsgebiete/Homöopathisch/Abnehmen"],"topsellerCountBucket":3,"filterAttributes":["homöopathisch"],"filterRating":5,"packSize":"50 ml","variants":[{"id":"03577415","text":"Homöopathisches Arzneimittel zur unterstützenden Behandlung von Übergewicht","webDetailPath":"homoeopathie/3577415/formoline-a-figurtropfen.htm","stock":"product.stockStatus.available","active":true,"discount":"19","retailPrice":"1564","listPrice":"1930","packSize":"50 ml","nowProductGroup":"none","attributes":["apothekenpflichtig","homöopathisch","Arzneimittel"],"productName":"formoline A Figurtropfen","pricePerUnit":"31,28 € / 100 ml","imageUrl":"https://cdn.shop-apotheke.com/images/formoline-a-figurtropfen-tropfen-D03577415-p1.jpg","pharmaForm":"Tropfen","ribbonText":"","RPMultiplier":"1"}],"master":true,"marketplace":false,"nowProductGroup":"none","notOnStockMessage":"","stockStatusColor":"green","categoryCodes":["csd00850","csd00851","csd00852","csd00853"],"prices":{"listPrice":{"amount":19.3,"net":16.64,"currency":"EUR","info":{"index":1,"text":"AVP / UVP"}},"retailPrice":{"amount":15.64,"net":13.48,"currency":"EUR","info":{"index":1,"text":"AVP / UVP"}}},"calculatedRatingRanking":2.45,"objectID":"03577415","_highlightResult":{"activeSubstances":[{"value":"Fucus vesiculosus D6","matchLevel":"none","matchedWords":[]}]},"_rankingInfo":{"nbTypos":0,"firstMatchedWord":0,"proximityDistance":0,"userScore":96,"geoDistance":0,"geoPrecision":1,"nbExactWords":1,"words":1,"filters":1,"personalization":{"score":0,"rankingScore":0,"filtersScore":0,"textualRelevanceBucket":0,"initialPosition":4,"newPosition":4}}},{"brandCode":"","pzn":"14257122","productName":"GU Quickfinder Homöopathie ","secondaryCategories":["Geschenke Themenwelt","Gesundheit schenken","Einzelmittel","D","Einzelmittel","G","Einzelmittel","F","Einzelmittel","B","Einzelmittel","A","Einzelmittel","H","Einzelmittel","E","Einzelmittel","C","Einzelmittel","Y","Einzelmittel","U","Einzelmittel","Z","Einzelmittel","O","Einzelmittel","P","Einzelmittel","M","Einzelmittel","R","Einzelmittel","L","Einzelmittel","N","Einzelmittel","K","Einzelmittel","X","Einzelmittel","W","Einzelmittel","T","Einzelmittel","Q","Einzelmittel","S","Einzelmittel","V","Einzelmittel","I","Einzelmittel","J"],"manufacturer":"Gräfe und Unzer Verlag GmbH","pharmaForm":"Buch","brand":"","brandIntern":"GU","subBrandIntern":"","activeSubstances":[],"additiveSubstances":[],"additiveSubstancesHtml":"","descriptionShort":"Der schnellste Weg zum richtigen Mittel","keywords":[],"unit":"St","unitQuantityString":"1","masterID":"14257122","indicationRanges":[],"ratingCount":0,"averageRating":0,"attributes":[],"prescriptionMedicine":false,"price":1499,"listPrice":1499,"netRetailPrice":1428,"priceFormatted":"€ 14,99","listPriceFormatted":"€ 14,99","potency":"","ifap":"","image":"https://cdn.shop-apotheke.com/images/gu-quickfinder-homoeopathie-buch-D14257122-p1.jpg","hasImage":true,"deeplink":"homoeopathie/14257122/gu-quickfinder-homoeopathie.htm","applicablePromotions":"","variantDetails":"14257122|14257122|0|1 St|1499|homoeopathie/14257122/gu-quickfinder-homoeopathie.htm|product.stockStatus.available","stockStatus":"","stockStatusReason":"product.stockStatus.available","inStock":true,"pricePerUnit":"","discountInPercent":0,"created":1535623518000,"lastChanged":1598572676000,"ratingsLink":"/produktbewertungen/14257122/gu-quickfinder-homoeopathie.htm","ean":"9783833865121","RPMultiplier":-1,"ribbonText":"","primaryCategory":["Die Online-Apotheke für Deutschland","Die Online-Apotheke für Deutschland/Homöopathie & Naturprodukte","Die Online-Apotheke für Deutschland/Homöopathie & Naturprodukte/Sets"],"topsellerCountBucket":2,"filterAttributes":[],"filterRating":5,"packSize":"1 St","variants":[{"id":"14257122","text":"Der schnellste Weg zum richtigen Mittel","webDetailPath":"homoeopathie/14257122/gu-quickfinder-homoeopathie.htm","stock":"product.stockStatus.available","active":true,"discount":"0","retailPrice":"1499","listPrice":"1499","packSize":"1 St","nowProductGroup":"sameday_nextday","attributes":[],"productName":"GU Quickfinder Homöopathie ","pricePerUnit":"","imageUrl":"https://cdn.shop-apotheke.com/images/gu-quickfinder-homoeopathie-buch-D14257122-p1.jpg","pharmaForm":"Buch","ribbonText":"","RPMultiplier":"-1"}],"master":true,"marketplace":true,"nowProductGroup":"sameday_nextday","notOnStockMessage":"","stockStatusColor":"green","categoryCodes":["csd00850","csd01573","csd00914","csd00915","csd00916","csd00917","csd00918","csd00919","csd00920","csd00921","csd00922","csd00923","csd00924","csd00925","csd00926","csd00927","csd00928","csd00929","csd00930","csd00931","csd00932","csd00933","csd00934","csd00935","csd00936","csd00937","csd00938","csd00939","csd00940","csd02764","csd02770","csd01458"],"prices":{"listPrice":{"amount":14.99,"net":14.28,"currency":"EUR","info":{"index":1,"text":"AVP / UVP"}},"retailPrice":{"amount":14.99,"net":14.28,"currency":"EUR","info":{"index":1,"text":"AVP / UVP"}}},"calculatedRatingRanking":2.5,"objectID":"14257122","_rankingInfo":{"nbTypos":0,"firstMatchedWord":0,"proximityDistance":0,"userScore":95,"geoDistance":0,"geoPrecision":1,"nbExactWords":1,"words":1,"filters":1,"personalization":{"score":0,"rankingScore":0,"filtersScore":0,"textualRelevanceBucket":0,"initialPosition":5,"newPosition":5}}},{"brandCode":"","pzn":"04848520","productName":"Helixor® A 0,1 mg","secondaryCategories":[],"manufacturer":"HELIXOR Heilmittel GmbH","pharmaForm":"Ampullen","brand":"","brandIntern":"Helixor","subBrandIntern":"A","activeSubstances":["Tannenmistelkraut-Extrakt (1:20); Auszugsmittel: Wasser, Natriumchlorid (99,91:0,09)"],"additiveSubstances":["Wasser für Injektionszwecke","Natriumhydroxid zur pH-Wert-Einstellung","Natriumchlorid"],"additiveSubstancesHtml":"<ul><li>Wasser für Injektionszwecke</li><li>Natriumhydroxid zur pH-Wert-Einstellung</li><li>Natriumchlorid</li></ul>","descriptionShort":"Anthroposophisches Arzneimittel zur erweiterten Behandlungbei Geschwulstkrankheiten.","keywords":[],"unit":"St","unitQuantityString":"8","masterID":"04848520","indicationRanges":["Antineoplastische Mittel","Anthroposophika","Mistelpräparate"],"ratingCount":0,"averageRating":0,"attributes":["kühlpflichtig","apothekenpflichtig","homöopathisch","Arzneimittel"],"prescriptionMedicine":false,"price":7568,"listPrice":7872,"netRetailPrice":6524,"priceFormatted":"€ 75,68","listPriceFormatted":"€ 78,72","potency":"","ifap":"","image":"https://cdn.shop-apotheke.com/images/helixor-a-0-1-mg-ampullen-D04848520-p1.jpg","hasImage":true,"deeplink":"homoeopathie/4848520/helixor-a-0-1-mg.htm","applicablePromotions":"","variantDetails":"04848520|04848520|4|8 St|7568|homoeopathie/4848520/helixor-a-0-1-mg.htm|product.stockStatus.available","stockStatus":"","stockStatusReason":"product.stockStatus.available","inStock":true,"pricePerUnit":"","discountInPercent":4,"created":1533561644000,"lastChanged":1598569944000,"ratingsLink":"/produktbewertungen/4848520/helixor-a-0-1-mg.htm","ean":"","RPMultiplier":1,"ribbonText":"","primaryCategory":["Die Online-Apotheke für Deutschland","Die Online-Apotheke für Deutschland/Homöopathie & Naturprodukte","Die Online-Apotheke für Deutschland/Homöopathie & Naturprodukte/Mistelpräparate"],"topsellerCountBucket":1,"filterAttributes":["kühlpflichtig","homöopathisch"],"filterRating":5,"packSize":"8 St","variants":[{"id":"04848520","text":"Anthroposophisches Arzneimittel zur erweiterten Behandlungbei Geschwulstkrankheiten.","webDetailPath":"homoeopathie/4848520/helixor-a-0-1-mg.htm","stock":"product.stockStatus.available","active":true,"discount":"4","retailPrice":"7568","listPrice":"7872","packSize":"8 St","nowProductGroup":"none","attributes":["kühlpflichtig","apothekenpflichtig","homöopathisch","Arzneimittel"],"productName":"Helixor® A 0,1 mg","pricePerUnit":"","imageUrl":"https://cdn.shop-apotheke.com/images/helixor-a-0-1-mg-ampullen-D04848520-p1.jpg","pharmaForm":"Ampullen","ribbonText":"","RPMultiplier":"1"}],"master":true,"marketplace":false,"nowProductGroup":"none","notOnStockMessage":"","stockStatusColor":"green","categoryCodes":["csd00850","csd01041"],"prices":{"listPrice":{"amount":78.72,"net":67.86,"currency":"EUR","info":{"index":1,"text":"AVP / UVP"}},"retailPrice":{"amount":75.68,"net":65.24,"currency":"EUR","info":{"index":1,"text":"AVP / UVP"}}},"calculatedRatingRanking":2.5,"objectID":"04848520","_highlightResult":{"activeSubstances":[{"value":"Tannenmistelkraut-Extrakt (1:20); <ais-highlight-0000000000>A</ais-highlight-0000000000>uszugsmittel: Wasser, Natriumchlorid (99,91:0,09)","matchLevel":"full","fullyHighlighted":false,"matchedWords":["a"]}]},"_rankingInfo":{"nbTypos":0,"firstMatchedWord":0,"proximityDistance":0,"userScore":94,"geoDistance":0,"geoPrecision":1,"nbExactWords":1,"words":1,"filters":1,"personalization":{"score":0,"rankingScore":0,"filtersScore":0,"textualRelevanceBucket":0,"initialPosition":6,"newPosition":6}}},{"brandCode":"","pzn":"10789069","productName":"OMRON Verneblerset für A3 Complete","secondaryCategories":[],"manufacturer":"HERMES Arzneimittel GmbH","pharmaForm":"Set","brand":"","brandIntern":"OMRON","subBrandIntern":"A","activeSubstances":[],"additiveSubstances":[],"additiveSubstancesHtml":"","descriptionShort":"Erwachsenen, - Kindermaske, PVC-Luftschlauch und Ersatzfilter","keywords":[],"unit":"St","unitQuantityString":"1","masterID":"10789069","indicationRanges":[],"ratingCount":0,"averageRating":0,"attributes":[],"prescriptionMedicine":false,"price":3234,"listPrice":3682,"netRetailPrice":2788,"priceFormatted":"€ 32,34","listPriceFormatted":"€ 36,82","potency":"","ifap":"","image":"https://cdn.shop-apotheke.com/images/omron-verneblerset-fuer-a3-complete-set-D10789069-p1.jpg","hasImage":true,"deeplink":"arzneimittel/10789069/omron-verneblerset-fuer-a3-complete.htm","applicablePromotions":"","variantDetails":"10789069|10789069|12|1 St|3234|arzneimittel/10789069/omron-verneblerset-fuer-a3-complete.htm|product.stockStatus.available","stockStatus":"","stockStatusReason":"product.stockStatus.available","inStock":true,"pricePerUnit":"","discountInPercent":12,"created":1470306010000,"lastChanged":1598049191000,"ratingsLink":"/produktbewertungen/10789069/omron-verneblerset-fuer-a3-complete.htm","ean":"4015672109681","RPMultiplier":1,"ribbonText":"","primaryCategory":["Die Online-Apotheke für Deutschland","Die Online-Apotheke für Deutschland/Arzneimittel & weitere Produkte ","Die Online-Apotheke für Deutschland/Arzneimittel & weitere Produkte /Erkältung & Grippe","Die Online-Apotheke für Deutschland/Arzneimittel & weitere Produkte /Erkältung & Grippe/Inhalationsgeräte & Zubehör"],"topsellerCountBucket":0,"filterAttributes":[],"filterRating":5,"packSize":"1 St","variants":[{"id":"10789069","text":"Erwachsenen, - Kindermaske, PVC-Luftschlauch und Ersatzfilter","webDetailPath":"arzneimittel/10789069/omron-verneblerset-fuer-a3-complete.htm","stock":"product.stockStatus.available","active":true,"discount":"12","retailPrice":"3234","listPrice":"3682","packSize":"1 St","nowProductGroup":"none","attributes":[],"productName":"OMRON Verneblerset für A3 Complete","pricePerUnit":"","imageUrl":"https://cdn.shop-apotheke.com/images/omron-verneblerset-fuer-a3-complete-set-D10789069-p1.jpg","pharmaForm":"Set","ribbonText":"","RPMultiplier":"1"}],"master":true,"marketplace":false,"nowProductGroup":"none","notOnStockMessage":"","stockStatusColor":"green","categoryCodes":["csd00001","csd00061","csd00069"],"prices":{"listPrice":{"amount":36.82,"net":31.74,"currency":"EUR","info":{"index":1,"text":"AVP / UVP"}},"retailPrice":{"amount":32.34,"net":27.88,"currency":"EUR","info":{"index":1,"text":"AVP / UVP"}}},"calculatedRatingRanking":2.5,"objectID":"10789069","_rankingInfo":{"nbTypos":0,"firstMatchedWord":0,"proximityDistance":0,"userScore":93,"geoDistance":0,"geoPrecision":1,"nbExactWords":1,"words":1,"filters":1,"personalization":{"score":0,"rankingScore":0,"filtersScore":0,"textualRelevanceBucket":0,"initialPosition":7,"newPosition":7}}},{"brandCode":"","pzn":"10789046","productName":"OMRON A3 Complete Inhalationsgerät","secondaryCategories":["Allergie & Asthma","Asthma"],"manufacturer":"HERMES Arzneimittel GmbH","pharmaForm":"Inhalat","brand":"","brandIntern":"OMRON","subBrandIntern":"A","activeSubstances":[],"additiveSubstances":[],"additiveSubstancesHtml":"","descriptionShort":"Schnelle Befreiung der oberen, mittleren und unteren Atemwege","keywords":[],"unit":"St","unitQuantityString":"1","masterID":"10789046","indicationRanges":[],"ratingCount":0,"averageRating":0,"attributes":[],"prescriptionMedicine":false,"price":10620,"listPrice":11693,"netRetailPrice":9155,"priceFormatted":"€ 106,20","listPriceFormatted":"€ 116,93","potency":"","ifap":"","image":"https://cdn.shop-apotheke.com/images/omron-a3-complete-inhalationsgeraet-inhalat-D10789046-p1.jpg","hasImage":true,"deeplink":"arzneimittel/10789046/omron-a3-complete-inhalationsgeraet.htm","applicablePromotions":"","variantDetails":"10789046|10789046|9|1 St|10620|arzneimittel/10789046/omron-a3-complete-inhalationsgeraet.htm|product.stockStatus.available","stockStatus":"","stockStatusReason":"product.stockStatus.available","inStock":true,"pricePerUnit":"","discountInPercent":9,"created":1445170849000,"lastChanged":1598049191000,"ratingsLink":"/produktbewertungen/10789046/omron-a3-complete-inhalationsgeraet.htm","ean":"4015672109568","RPMultiplier":1,"ribbonText":"","primaryCategory":["Die Online-Apotheke für Deutschland","Die Online-Apotheke für Deutschland/Arzneimittel & weitere Produkte ","Die Online-Apotheke für Deutschland/Arzneimittel & weitere Produkte /Erkältung & Grippe","Die Online-Apotheke für Deutschland/Arzneimittel & weitere Produkte /Erkältung & Grippe/Inhalationsgeräte & Zubehör"],"topsellerCountBucket":0,"filterAttributes":[],"filterRating":5,"packSize":"1 St","variants":[{"id":"10789046","text":"Schnelle Befreiung der oberen, mittleren und unteren Atemwege","webDetailPath":"arzneimittel/10789046/omron-a3-complete-inhalationsgeraet.htm","stock":"product.stockStatus.available","active":true,"discount":"9","retailPrice":"10620","listPrice":"11693","packSize":"1 St","nowProductGroup":"none","attributes":[],"productName":"OMRON A3 Complete Inhalationsgerät","pricePerUnit":"","imageUrl":"https://cdn.shop-apotheke.com/images/omron-a3-complete-inhalationsgeraet-inhalat-D10789046-p1.jpg","pharmaForm":"Inhalat","ribbonText":"","RPMultiplier":"1"}],"master":true,"marketplace":false,"nowProductGroup":"none","notOnStockMessage":"","stockStatusColor":"green","categoryCodes":["csd00001","csd00061","csd00069","csd00010","csd00016"],"prices":{"listPrice":{"amount":116.93,"net":100.8,"currency":"EUR","info":{"index":1,"text":"AVP / UVP"}},"retailPrice":{"amount":106.2,"net":91.55,"currency":"EUR","info":{"index":1,"text":"AVP / UVP"}}},"calculatedRatingRanking":2.5,"objectID":"10789046","_rankingInfo":{"nbTypos":0,"firstMatchedWord":0,"proximityDistance":0,"userScore":92,"geoDistance":0,"geoPrecision":1,"nbExactWords":1,"words":1,"filters":1,"personalization":{"score":0,"rankingScore":0,"filtersScore":0,"textualRelevanceBucket":0,"initialPosition":8,"newPosition":8}}},{"brandCode":"csd03864","pzn":"02591471","productName":"Aurum Metallicum Praeparatum D30","secondaryCategories":["Einzelmittel","A","Beruhigung, Schlaf & Nerven","Homöopathische Produkte","Homöopathische Produkte","Herz & Kreislauf","Homöopathisch","Herz & Kreislauf"],"manufacturer":"WELEDA AG","pharmaForm":"Trituration","brand":"WELEDA Aurum","brandIntern":"WELEDA","subBrandIntern":"Aurum metallicum","activeSubstances":["Aurum metallicum praeparatum in homöopathischer Verdünnung"],"additiveSubstances":["Lactose"],"additiveSubstancesHtml":"<ul><li>Lactose</li></ul>","descriptionShort":"Arthropophisches Arzneimittel bei Kreislaufregulationsstörungen","keywords":[],"unit":"g","unitQuantityString":"20","masterID":"02591471","indicationRanges":["Herzwirksame Pharmaka","Anthroposophika","Hypnotika/ Sedativa","Anthroposophika"],"ratingCount":1,"averageRating":0,"attributes":["apothekenpflichtig","homöopathisch","Arzneimittel"],"prescriptionMedicine":false,"price":1773,"listPrice":2279,"netRetailPrice":1528,"priceFormatted":"€ 17,73","listPriceFormatted":"€ 22,79","potency":"D30","ifap":"","image":"https://cdn.shop-apotheke.com/images/aurum-metallicum-praeparatum-d30-trituration-D02591471-p10.jpg","hasImage":true,"deeplink":"homoeopathie/2591471/aurum-metallicum-praeparatum-d30.htm","applicablePromotions":"","variantDetails":"02591471|02591471|22|20 g|1773|homoeopathie/2591471/aurum-metallicum-praeparatum-d30.htm|product.stockStatus.available","stockStatus":"","stockStatusReason":"product.stockStatus.available","inStock":true,"pricePerUnit":"88,65 € / 100 g","discountInPercent":22,"created":1481110892000,"lastChanged":1598511308000,"ratingsLink":"/produktbewertungen/2591471/aurum-metallicum-praeparatum-d30.htm","ean":"4001638035675","RPMultiplier":1,"ribbonText":"","primaryCategory":["Die Online-Apotheke für Deutschland","Die Online-Apotheke für Deutschland/Homöopathie & Naturprodukte","Die Online-Apotheke für Deutschland/Homöopathie & Naturprodukte/Anwendungsgebiete","Die Online-Apotheke für Deutschland/Homöopathie & Naturprodukte/Anwendungsgebiete/Homöopathisch","Die Online-Apotheke für Deutschland/Homöopathie & Naturprodukte/Anwendungsgebiete/Homöopathisch/Beruhigung, Schlaf & Nerven"],"topsellerCountBucket":0,"filterAttributes":["homöopathisch"],"filterRating":5,"packSize":"20 g","variants":[{"id":"02591471","text":"Arthropophisches Arzneimittel bei Kreislaufregulationsstörungen","webDetailPath":"homoeopathie/2591471/aurum-metallicum-praeparatum-d30.htm","stock":"product.stockStatus.available","active":true,"discount":"22","retailPrice":"1773","listPrice":"2279","packSize":"20 g","nowProductGroup":"none","attributes":["apothekenpflichtig","homöopathisch","Arzneimittel"],"productName":"Aurum Metallicum Praeparatum D30","pricePerUnit":"88,65 € / 100 g","imageUrl":"https://cdn.shop-apotheke.com/images/aurum-metallicum-praeparatum-d30-trituration-D02591471-p10.jpg","pharmaForm":"Trituration","ribbonText":"","RPMultiplier":"1"}],"master":true,"marketplace":false,"nowProductGroup":"none","notOnStockMessage":"","stockStatusColor":"green","categoryCodes":["csd00850","csd00851","csd00852","csd00856","csd00865","csd00914","csd00915","csd00001","csd00034","csd01074","csd00175","csd01091","csd01094"],"prices":{"listPrice":{"amount":22.79,"net":19.65,"currency":"EUR","info":{"index":1,"text":"AVP / UVP"}},"retailPrice":{"amount":17.73,"net":15.28,"currency":"EUR","info":{"index":1,"text":"AVP / UVP"}}},"calculatedRatingRanking":2.45,"objectID":"02591471","_highlightResult":{"activeSubstances":[{"value":"<ais-highlight-0000000000>A</ais-highlight-0000000000>urum metallicum praeparatum in homöopathischer Verdünnung","matchLevel":"full","fullyHighlighted":false,"matchedWords":["a"]}]},"_rankingInfo":{"nbTypos":0,"firstMatchedWord":0,"proximityDistance":0,"userScore":91,"geoDistance":0,"geoPrecision":1,"nbExactWords":1,"words":1,"filters":1,"personalization":{"score":0,"rankingScore":0,"filtersScore":0,"textualRelevanceBucket":0,"initialPosition":9,"newPosition":9}}},{"brandCode":"","pzn":"02469847","productName":"Helixor® A 100 mg","secondaryCategories":[],"manufacturer":"HELIXOR Heilmittel GmbH","pharmaForm":"Ampullen","brand":"","brandIntern":"Helixor","subBrandIntern":"A","activeSubstances":["Tannenmistelkraut-Extrakt (1:20); Auszugsmittel: Wasser, Natriumchlorid (99,91:0,09)"],"additiveSubstances":["Wasser für Injektionszwecke","Natriumhydroxid zur pH-Wert-Einstellung","Natriumchlorid"],"additiveSubstancesHtml":"<ul><li>Wasser für Injektionszwecke</li><li>Natriumhydroxid zur pH-Wert-Einstellung</li><li>Natriumchlorid</li></ul>","descriptionShort":"Anwendung bei bösartige und gutartige Gewulstkrankheiten","keywords":[],"unit":"St","unitQuantityString":"8","masterID":"02469847","indicationRanges":["Antineoplastische Mittel","Anthroposophika","Mistelpräparate"],"ratingCount":0,"averageRating":0,"attributes":["kühlpflichtig","apothekenpflichtig","homöopathisch","Arzneimittel"],"prescriptionMedicine":false,"price":11460,"listPrice":11677,"netRetailPrice":9879,"priceFormatted":"€ 114,60","listPriceFormatted":"€ 116,77","potency":"","ifap":"","image":"https://cdn.shop-apotheke.com/images/helixor-a-100-mg-ampullen-D02469847-p1.jpg","hasImage":true,"deeplink":"homoeopathie/2469847/helixor-a-100-mg.htm","applicablePromotions":"","variantDetails":"02469847|02469847|2|8 St|11460|homoeopathie/2469847/helixor-a-100-mg.htm|product.stockStatus.available","stockStatus":"","stockStatusReason":"product.stockStatus.available","inStock":true,"pricePerUnit":"","discountInPercent":2,"created":1445175932000,"lastChanged":1598569118000,"ratingsLink":"/produktbewertungen/2469847/helixor-a-100-mg.htm","ean":"","RPMultiplier":1,"ribbonText":"","primaryCategory":["Die Online-Apotheke für Deutschland","Die Online-Apotheke für Deutschland/Homöopathie & Naturprodukte","Die Online-Apotheke für Deutschland/Homöopathie & Naturprodukte/Mistelpräparate"],"topsellerCountBucket":0,"filterAttributes":["kühlpflichtig","homöopathisch"],"filterRating":5,"packSize":"8 St","variants":[{"id":"02469847","text":"Anwendung bei bösartige und gutartige Gewulstkrankheiten","webDetailPath":"homoeopathie/2469847/helixor-a-100-mg.htm","stock":"product.stockStatus.available","active":true,"discount":"2","retailPrice":"11460","listPrice":"11677","packSize":"8 St","nowProductGroup":"none","attributes":["kühlpflichtig","apothekenpflichtig","homöopathisch","Arzneimittel"],"productName":"Helixor® A 100 mg","pricePerUnit":"","imageUrl":"https://cdn.shop-apotheke.com/images/helixor-a-100-mg-ampullen-D02469847-p1.jpg","pharmaForm":"Ampullen","ribbonText":"","RPMultiplier":"1"}],"master":true,"marketplace":false,"nowProductGroup":"none","notOnStockMessage":"","stockStatusColor":"green","categoryCodes":["csd00850","csd01041"],"prices":{"listPrice":{"amount":116.77,"net":100.66,"currency":"EUR","info":{"index":1,"text":"AVP / UVP"}},"retailPrice":{"amount":114.6,"net":98.79,"currency":"EUR","info":{"index":1,"text":"AVP / UVP"}}},"calculatedRatingRanking":2.5,"objectID":"02469847","_highlightResult":{"activeSubstances":[{"value":"Tannenmistelkraut-Extrakt (1:20); <ais-highlight-0000000000>A</ais-highlight-0000000000>uszugsmittel: Wasser, Natriumchlorid (99,91:0,09)","matchLevel":"full","fullyHighlighted":false,"matchedWords":["a"]}]},"_rankingInfo":{"nbTypos":0,"firstMatchedWord":0,"proximityDistance":0,"userScore":90,"geoDistance":0,"geoPrecision":1,"nbExactWords":1,"words":1,"filters":1,"personalization":{"score":0,"rankingScore":0,"filtersScore":0,"textualRelevanceBucket":0,"initialPosition":10,"newPosition":10}}},{"brandCode":"csd03758","pzn":"15814984","productName":"XYLO 0,1 % RedCare Nasenspray","secondaryCategories":["Erkältung & Grippe","Schnupfen","Landingpages","Weltgesundheitstag: Hausapotheke","Landingpages","100 Topseller","Landingpages","Top Kunden Sommer","Landingpages","SHOP APOTHEKE NOW!","Landingpages","Mai Aktion","Landingpages","Mai Kracher","Healthy Deals","Healthy Deals Reiseapotheke","Landingpages","Healthy Deals App-Angebote","Landingpages","Top 100"],"manufacturer":"IVC Pragen GmbH","pharmaForm":"Nasenspray","brand":"RedCare","brandIntern":"RedCare von Shop Apotheke","subBrandIntern":"","activeSubstances":["Xylometazolin hydrochlorid"],"additiveSubstances":["Benzalkonium chlorid","Wasser, gereinigtes","Natriumchlorid","Natriumdihydrogenphosphat-2-Wasser","Dinatriumhydrogenphosphat-12-Wasser"],"additiveSubstancesHtml":"<ul><li>Benzalkonium chlorid</li><li>Wasser, gereinigtes</li><li>Natriumchlorid</li><li>Natriumdihydrogenphosphat-2-Wasser</li><li>Dinatriumhydrogenphosphat-12-Wasser</li></ul>","descriptionShort":"Kurzzeittherapie zur Abschwellung der Nasenschleimhaut","keywords":["nasenspray","erkältung","nasen","schnupfen","nasenspray erwachsene","schnupfenspray","xylo"],"unit":"ml","unitQuantityString":"10","masterID":"15814984","indicationRanges":["Atemwegskrankheiten und grippale Infekte","Rhinologika, lokale Anwendung","Schnupfenmittel, Sympathomimetika-haltig"],"ratingCount":18,"averageRating":4.83,"attributes":["apothekenpflichtig","Arzneimittel"],"prescriptionMedicine":false,"price":235,"listPrice":389,"netRetailPrice":203,"priceFormatted":"€ 2,35","listPriceFormatted":"€ 3,89","potency":"","ifap":"","image":"https://cdn.shop-apotheke.com/images/xylo-0-1-redcare-nasenspray-nasenspray-D15814984-p1.jpg","hasImage":true,"deeplink":"arzneimittel/15814984/xylo-0-1-redcare-nasenspray.htm","applicablePromotions":"promotion=Extra RedPoints","variantDetails":"15814984|15814984|40|10 ml|235|arzneimittel/15814984/xylo-0-1-redcare-nasenspray.htm|product.stockStatus.available","stockStatus":"","stockStatusReason":"product.stockStatus.available","inStock":true,"pricePerUnit":"23,50 € / 100 ml","discountInPercent":40,"created":1580750523000,"lastChanged":1598572877000,"ratingsLink":"/produktbewertungen/15814984/xylo-0-1-redcare-nasenspray.htm","ean":"","RPMultiplier":15,"ribbonText":"","primaryCategory":["Die Online-Apotheke für Deutschland","Die Online-Apotheke für Deutschland/Arzneimittel & weitere Produkte ","Die Online-Apotheke für Deutschland/Arzneimittel & weitere Produkte /Auge, Nase & Ohr","Die Online-Apotheke für Deutschland/Arzneimittel & weitere Produkte /Auge, Nase & Ohr/Nase","Die Online-Apotheke für Deutschland/Arzneimittel & weitere Produkte /Auge, Nase & Ohr/Nase/Schnupfen"],"topsellerCountBucket":19,"filterAttributes":[],"filterRating":0.17,"packSize":"10 ml","variants":[{"id":"15814984","text":"Kurzzeittherapie zur Abschwellung der Nasenschleimhaut","webDetailPath":"arzneimittel/15814984/xylo-0-1-redcare-nasenspray.htm","stock":"product.stockStatus.available","active":true,"discount":"40","retailPrice":"235","listPrice":"389","packSize":"10 ml","nowProductGroup":"sameday_nextday","attributes":["apothekenpflichtig","Arzneimittel"],"productName":"XYLO 0,1 % RedCare Nasenspray","pricePerUnit":"23,50 € / 100 ml","imageUrl":"https://cdn.shop-apotheke.com/images/xylo-0-1-redcare-nasenspray-nasenspray-D15814984-p1.jpg","pharmaForm":"Nasenspray","ribbonText":"","RPMultiplier":"15"},{"id":"08105182","text":"Zur Kurzzeittherapie bei Abschwellungen der Nasenschleimhaut","webDetailPath":"arzneimittel/8105182/xylo-0-1-redcare-nasenspray-sparset.htm","stock":"product.stockStatus.available","active":false,"discount":"49","retailPrice":"397","listPrice":"778","packSize":"2x10 ml","nowProductGroup":"sameday_nextday","attributes":["apothekenpflichtig","Arzneimittel"],"productName":"XYLO 0,1 % RedCare Nasenspray Sparset","pricePerUnit":"19,85 € / 100 ml","imageUrl":"https://cdn.shop-apotheke.com/images/xylo-0-1-redcare-nasenspray-sparset-nasenspray-D08105182-p1.jpg","pharmaForm":"Nasenspray","ribbonText":"Sparset","RPMultiplier":"15"}],"master":true,"marketplace":true,"nowProductGroup":"sameday_nextday","notOnStockMessage":"","stockStatusColor":"green","categoryCodes":["csd00001","csd00020","csd00028","csd00033","csd00061","csd01060","root","catalogs","main","landingpages","csd03040","csd03339","csd03344","csd03461","csd01434","csd02968","csd03569","csd03715","csd03939","csd03995","csd03997"],"prices":{"listPrice":{"amount":3.89,"net":3.35,"currency":"EUR","info":{"index":1,"text":"AVP / UVP"}},"retailPrice":{"amount":2.35,"net":2.03,"currency":"EUR","info":{"index":1,"text":"AVP / UVP"}}},"calculatedRatingRanking":3.12,"objectID":"15814984","_highlightResult":{"activeSubstances":[{"value":"Xylometazolin hydrochlorid","matchLevel":"none","matchedWords":[]}]},"_rankingInfo":{"nbTypos":0,"firstMatchedWord":0,"proximityDistance":0,"userScore":89,"geoDistance":0,"geoPrecision":1,"nbExactWords":0,"words":1,"filters":1,"personalization":{"score":0,"rankingScore":0,"filtersScore":0,"textualRelevanceBucket":1,"initialPosition":11,"newPosition":11}}},{"brandCode":"csd03758","pzn":"15893535","productName":"IBUPROFEN RedCare 400 mg","secondaryCategories":["Kopfschmerzen","Ibuprofen","Erkältung & Grippe","Fiebersenkende Schmerzmittel","Healthy Deals","Healthy Deals Reiseapotheke","Landingpages","Healthy Deals App-Angebote","Landingpages","Top 100"],"manufacturer":"IVC Pragen GmbH","pharmaForm":"Filmtabletten","brand":"RedCare","brandIntern":"RedCare von Shop Apotheke","subBrandIntern":"","activeSubstances":["Ibuprofen"],"additiveSubstances":["Magnesium stearat","Siliciumdioxid, hochdisperses","Cellulose, mikrokristalline","Maisstärke","Lactose-1-Wasser","Macrogol 3350","Poly(vinylalkohol)","Titandioxid","Talkum"],"additiveSubstancesHtml":"<ul><li>Magnesium stearat</li><li>Siliciumdioxid, hochdisperses</li><li>Cellulose, mikrokristalline</li><li>Maisstärke</li><li>Lactose-1-Wasser</li><li>Macrogol 3350</li><li>Poly(vinylalkohol)</li><li>Titandioxid</li><li>Talkum</li></ul>","descriptionShort":"Bei leichten bis mäßig starken Schmerzen wie Kopfschmerzen, Zahnschmerzen, Regelschmerzen und Fieber","keywords":["Ibu","Ibuprofen","Ibu 400","Schmerzmittel","Schmerzen","ibuprofen 400","schmerztabletten","kopfschmerzen","ibuprophen","kopfschmerztabletten","regelschmerzen","schmerzen"],"unit":"St","unitQuantityString":"50","masterID":"15814955","indicationRanges":["Analgetika/ Antipyretika","Antipyretisch wirkende Analgetika","Arylpropionsäure-Derivate (Monopräparate)"],"ratingCount":20,"averageRating":4.95,"attributes":["apothekenpflichtig","Arzneimittel"],"prescriptionMedicine":false,"price":661,"listPrice":1130,"netRetailPrice":570,"priceFormatted":"€ 6,61","listPriceFormatted":"€ 11,30","potency":"","ifap":"","image":"https://cdn.shop-apotheke.com/images/ibuprofen-redcare-400-mg-filmtabletten-D15893535-p1.jpg","hasImage":true,"deeplink":"arzneimittel/15893535/ibuprofen-redcare-400-mg.htm","applicablePromotions":"promotion=Extra RedPoints","variantDetails":"15814955|15893535|42|50 St|661|arzneimittel/15893535/ibuprofen-redcare-400-mg.htm|product.stockStatus.available","stockStatus":"","stockStatusReason":"product.stockStatus.available","inStock":true,"pricePerUnit":"","discountInPercent":42,"created":1588150023000,"lastChanged":1598572903000,"ratingsLink":"/produktbewertungen/15893535/ibuprofen-redcare-400-mg.htm","ean":"","RPMultiplier":15,"ribbonText":"","primaryCategory":["Die Online-Apotheke für Deutschland","Die Online-Apotheke für Deutschland/Arzneimittel & weitere Produkte ","Die Online-Apotheke für Deutschland/Arzneimittel & weitere Produkte /Schmerzen","Die Online-Apotheke für Deutschland/Arzneimittel & weitere Produkte /Schmerzen/Fiebersenkende Schmerzmittel"],"topsellerCountBucket":17,"filterAttributes":[],"filterRating":0.05,"packSize":"50 St","variants":[{"id":"15814955","text":"Bei leichten bis mäßig starken Schmerzen wie Kopfschmerzen, Zahnschmerzen, Regelschmerzen und Fieber","webDetailPath":"arzneimittel/15814955/ibuprofen-redcare-400-mg.htm","stock":"product.stockStatus.available","active":true,"discount":"42","retailPrice":"341","listPrice":"587","packSize":"20 St","nowProductGroup":"sameday_nextday","attributes":["apothekenpflichtig","Arzneimittel"],"productName":"IBUPROFEN RedCare 400 mg","pricePerUnit":"","imageUrl":"https://cdn.shop-apotheke.com/images/ibuprofen-redcare-400-mg-filmtabletten-D15814955-p1.jpg","pharmaForm":"Filmtabletten","ribbonText":"","RPMultiplier":"15"},{"id":"15893535","text":"Bei leichten bis mäßig starken Schmerzen wie Kopfschmerzen, Zahnschmerzen, Regelschmerzen und Fieber","webDetailPath":"arzneimittel/15893535/ibuprofen-redcare-400-mg.htm","stock":"product.stockStatus.available","active":false,"discount":"42","retailPrice":"661","listPrice":"1130","packSize":"50 St","nowProductGroup":"sameday_nextday","attributes":["apothekenpflichtig","Arzneimittel"],"productName":"IBUPROFEN RedCare 400 mg","pricePerUnit":"","imageUrl":"https://cdn.shop-apotheke.com/images/ibuprofen-redcare-400-mg-filmtabletten-D15893535-p1.jpg","pharmaForm":"Filmtabletten","ribbonText":"","RPMultiplier":"15"}],"master":false,"marketplace":false,"nowProductGroup":"sameday_nextday","notOnStockMessage":"","stockStatusColor":"green","categoryCodes":["csd00001","csd00269","csd00275","csd00061","csd01059","csd02394","csd02397","root","catalogs","main","landingpages","csd03040","csd03461","csd01434","csd02968","csd03569"],"prices":{"listPrice":{"amount":11.3,"net":9.74,"currency":"EUR","info":{"index":1,"text":"AVP / UVP"}},"retailPrice":{"amount":6.61,"net":5.7,"currency":"EUR","info":{"index":1,"text":"AVP / UVP"}}},"calculatedRatingRanking":3.2,"objectID":"15893535","_highlightResult":{"activeSubstances":[{"value":"Ibuprofen","matchLevel":"none","matchedWords":[]}]},"_rankingInfo":{"nbTypos":0,"firstMatchedWord":0,"proximityDistance":0,"userScore":88,"geoDistance":0,"geoPrecision":1,"nbExactWords":0,"words":1,"filters":1,"personalization":{"score":0,"rankingScore":0,"filtersScore":0,"textualRelevanceBucket":1,"initialPosition":12,"newPosition":12}}},{"brandCode":"","pzn":"16687016","productName":"Cerascreen® Coronavirus Antikörper Test ","secondaryCategories":[],"manufacturer":"Cerascreen GmbH","pharmaForm":"Test","brand":"","brandIntern":"Cerascreen®","subBrandIntern":"","activeSubstances":[],"additiveSubstances":[],"additiveSubstancesHtml":"","descriptionShort":"Coronavirus-Antikörper Test ","keywords":["Corona","Coronatest","Corona test","Antikörpertest","Selbsttest","Corona Selbsttest","Test Corona"],"unit":"St","unitQuantityString":"1","masterID":"16687016","indicationRanges":[],"ratingCount":0,"averageRating":0,"attributes":[],"prescriptionMedicine":false,"price":6900,"listPrice":6900,"netRetailPrice":5948,"priceFormatted":"€ 69,00","listPriceFormatted":"€ 69,00","potency":"","ifap":"","image":"https://cdn.shop-apotheke.com/images/cerascreen-coronavirus-antikoerper-test-test-D16687016-p10.jpg","hasImage":true,"deeplink":"arzneimittel/16687016/cerascreen-coronavirus-antikoerper-test.htm","applicablePromotions":"","variantDetails":"16687016|16687016|0|1 St|6900|arzneimittel/16687016/cerascreen-coronavirus-antikoerper-test.htm|product.stockStatus.available","stockStatus":"","stockStatusReason":"product.stockStatus.available","inStock":true,"pricePerUnit":"","discountInPercent":0,"created":1596810727000,"lastChanged":1598602024000,"ratingsLink":"/produktbewertungen/16687016/cerascreen-coronavirus-antikoerper-test.htm","ean":"4251620705158","RPMultiplier":1,"ribbonText":"","primaryCategory":["Die Online-Apotheke für Deutschland","Die Online-Apotheke für Deutschland/Arzneimittel & weitere Produkte ","Die Online-Apotheke für Deutschland/Arzneimittel & weitere Produkte /Medizinische Tests & Geräte","Die Online-Apotheke für Deutschland/Arzneimittel & weitere Produkte /Medizinische Tests & Geräte/Tests","Die Online-Apotheke für Deutschland/Arzneimittel & weitere Produkte /Medizinische Tests & Geräte/Tests/Selbsttests"],"topsellerCountBucket":16,"filterAttributes":[],"filterRating":5,"packSize":"1 St","variants":[{"id":"16687016","text":"Coronavirus-Antikörper Test ","webDetailPath":"arzneimittel/16687016/cerascreen-coronavirus-antikoerper-test.htm","stock":"product.stockStatus.available","active":true,"discount":"0","retailPrice":"6900","listPrice":"6900","packSize":"1 St","nowProductGroup":"sameday_nextday","attributes":[],"productName":"Cerascreen® Coronavirus Antikörper Test ","pricePerUnit":"","imageUrl":"https://cdn.shop-apotheke.com/images/cerascreen-coronavirus-antikoerper-test-test-D16687016-p10.jpg","pharmaForm":"Test","ribbonText":"","RPMultiplier":"1"}],"master":true,"marketplace":false,"nowProductGroup":"sameday_nextday","notOnStockMessage":"","stockStatusColor":"green","categoryCodes":["csd00001","csd00236","csd00240","csd02305"],"prices":{"listPrice":{"amount":69,"net":59.48,"currency":"EUR","info":{"index":1,"text":"AVP / UVP"}},"retailPrice":{"amount":69,"net":59.48,"currency":"EUR","info":{"index":1,"text":"AVP / UVP"}}},"calculatedRatingRanking":2.5,"objectID":"16687016","_rankingInfo":{"nbTypos":0,"firstMatchedWord":0,"proximityDistance":0,"userScore":87,"geoDistance":0,"geoPrecision":1,"nbExactWords":0,"words":1,"filters":1,"personalization":{"score":0,"rankingScore":0,"filtersScore":0,"textualRelevanceBucket":1,"initialPosition":13,"newPosition":13}}},{"brandCode":"csd03758","pzn":"16599602","productName":"Gelenk Aktiv RedCare","secondaryCategories":["Muskeln, Knochen & Gelenke","Gelenkschmerzen","Markenshops","RedCare"],"manufacturer":"nu3 GmbH","pharmaForm":"Trinkampullen","brand":"RedCare","brandIntern":"RedCare von Shop Apotheke","subBrandIntern":"","activeSubstances":[],"additiveSubstances":[],"additiveSubstancesHtml":"","descriptionShort":"RedCare Gelenk Aktiv Trinkampullen mit patentiertem FORTIGEL® Kollagen für die Gelenke","keywords":["Gelenk","Gelenk Aktiv","Muskelschmerzen","Gelenkschmerzen","Schmerzen"],"unit":"St","unitQuantityString":"30","masterID":"16599602","indicationRanges":[],"ratingCount":2,"averageRating":5,"attributes":["Lebensmittel","Nahrungsergänzungsmittel"],"prescriptionMedicine":false,"price":3299,"listPrice":4199,"netRetailPrice":3142,"priceFormatted":"€ 32,99","listPriceFormatted":"€ 41,99","potency":"","ifap":"","image":"https://cdn.shop-apotheke.com/images/gelenk-aktiv-redcare-trinkampullen-D16599602-p1.jpg","hasImage":true,"deeplink":"arzneimittel/16599602/gelenk-aktiv-redcare.htm","applicablePromotions":"promotion=Extra RedPoints","variantDetails":"16599602|16599602|21|30 St|3299|arzneimittel/16599602/gelenk-aktiv-redcare.htm|product.stockStatus.available","stockStatus":"","stockStatusReason":"product.stockStatus.available","inStock":true,"pricePerUnit":"","discountInPercent":21,"created":1596723437000,"lastChanged":1598527684000,"ratingsLink":"/produktbewertungen/16599602/gelenk-aktiv-redcare.htm","ean":"","RPMultiplier":15,"ribbonText":"","primaryCategory":["Die Online-Apotheke für Deutschland","Die Online-Apotheke für Deutschland/Arzneimittel & weitere Produkte ","Die Online-Apotheke für Deutschland/Arzneimittel & weitere Produkte /Schmerzen","Die Online-Apotheke für Deutschland/Arzneimittel & weitere Produkte /Schmerzen/Muskel- & Gelenkschmerzen"],"topsellerCountBucket":15,"filterAttributes":["Lebensmittel","Nahrungsergänzungsmittel"],"filterRating":0,"packSize":"30 St","variants":[{"id":"16599602","text":"RedCare Gelenk Aktiv Trinkampullen mit patentiertem FORTIGEL® Kollagen für die Gelenke","webDetailPath":"arzneimittel/16599602/gelenk-aktiv-redcare.htm","stock":"product.stockStatus.available","active":true,"discount":"21","retailPrice":"3299","listPrice":"4199","packSize":"30 St","nowProductGroup":"sameday_nextday","attributes":["Lebensmittel","Nahrungsergänzungsmittel"],"productName":"Gelenk Aktiv RedCare","pricePerUnit":"","imageUrl":"https://cdn.shop-apotheke.com/images/gelenk-aktiv-redcare-trinkampullen-D16599602-p1.jpg","pharmaForm":"Trinkampullen","ribbonText":"","RPMultiplier":"15"}],"master":true,"marketplace":false,"nowProductGroup":"sameday_nextday","notOnStockMessage":"","stockStatusColor":"green","categoryCodes":["csd00001","csd00269","csd00276","csd00263","csd01121","root","catalogs","main","brandshop","csd03679"],"prices":{"listPrice":{"amount":41.99,"net":39.99,"currency":"EUR","info":{"index":1,"text":"AVP / UVP"}},"retailPrice":{"amount":32.99,"net":31.42,"currency":"EUR","info":{"index":1,"text":"AVP / UVP"}}},"calculatedRatingRanking":2.6,"objectID":"16599602","_rankingInfo":{"nbTypos":0,"firstMatchedWord":0,"proximityDistance":0,"userScore":86,"geoDistance":0,"geoPrecision":1,"nbExactWords":0,"words":1,"filters":1,"personalization":{"score":0,"rankingScore":0,"filtersScore":0,"textualRelevanceBucket":1,"initialPosition":14,"newPosition":14}}},{"brandCode":"csd03758","pzn":"16013200","productName":"PARACETAMOL RedCare 500 mg","secondaryCategories":["Schmerzen","Regelschmerzen","Schmerzen","Zahnschmerzen","Landingpages","Weltgesundheitstag: Hausapotheke","Landingpages","100 Topseller","Erkältung & Grippe","Fiebersenkende Schmerzmittel","Kopfschmerzen","Paracetamol","Landingpages","SHOP APOTHEKE NOW!","Landingpages","Mai Aktion","Landingpages","Mai Kracher","Healthy Deals","Healthy Deals Reiseapotheke","Landingpages","Healthy Deals App-Angebote","Healthy Deals","RedPoints-Aktion","Landingpages","Top 100"],"manufacturer":"IVC Pragen GmbH","pharmaForm":"Tabletten","brand":"RedCare","brandIntern":"RedCare von Shop Apotheke","subBrandIntern":"","activeSubstances":["Paracetamol"],"additiveSubstances":["Stearinsäure","Carboxymethylstärke, Natrium Typ A","Siliciumdioxid, gefällt","Maisstärke","Povidon","Talkum"],"additiveSubstancesHtml":"<ul><li>Stearinsäure</li><li>Carboxymethylstärke, Natrium Typ A</li><li>Siliciumdioxid, gefällt</li><li>Maisstärke</li><li>Povidon</li><li>Talkum</li></ul>","descriptionShort":"Zur symptomatischen Behandlung von leichten bis mäßig starken Schmerzen und Fieber","keywords":["paracetamol","erkältung","schmerztabletten","kopfschmerzen","para","schmerzmittel","kopfschmerztabletten","regelschmerzen","schmerzen"],"unit":"St","unitQuantityString":"20","masterID":"16013200","indicationRanges":["Analgetika/ Antipyretika","Antipyretisch wirkende Analgetika","Anilin-Derivate (Monopräparate)"],"ratingCount":54,"averageRating":4.91,"attributes":["apothekenpflichtig","Arzneimittel"],"prescriptionMedicine":false,"price":145,"listPrice":270,"netRetailPrice":125,"priceFormatted":"€ 1,45","listPriceFormatted":"€ 2,70","potency":"","ifap":"","image":"https://cdn.shop-apotheke.com/images/paracetamol-redcare-500-mg-tabletten-D16013200-p1.jpg","hasImage":true,"deeplink":"arzneimittel/16013200/paracetamol-redcare-500-mg.htm","applicablePromotions":"promotion=Extra RedPoints","variantDetails":"16013200|16013200|46|20 St|145|arzneimittel/16013200/paracetamol-redcare-500-mg.htm|product.stockStatus.available","stockStatus":"","stockStatusReason":"product.stockStatus.available","inStock":true,"pricePerUnit":"","discountInPercent":46,"created":1581958027000,"lastChanged":1598572914000,"ratingsLink":"/produktbewertungen/16013200/paracetamol-redcare-500-mg.htm","ean":"","RPMultiplier":15,"ribbonText":"","primaryCategory":["Die Online-Apotheke für Deutschland","Die Online-Apotheke für Deutschland/Arzneimittel & weitere Produkte ","Die Online-Apotheke für Deutschland/Arzneimittel & weitere Produkte /Schmerzen","Die Online-Apotheke für Deutschland/Arzneimittel & weitere Produkte /Schmerzen/Fiebersenkende Schmerzmittel"],"topsellerCountBucket":15,"filterAttributes":[],"filterRating":0.09,"packSize":"20 St","variants":[{"id":"16013200","text":"Zur symptomatischen Behandlung von leichten bis mäßig starken Schmerzen und Fieber","webDetailPath":"arzneimittel/16013200/paracetamol-redcare-500-mg.htm","stock":"product.stockStatus.available","active":true,"discount":"46","retailPrice":"145","listPrice":"270","packSize":"20 St","nowProductGroup":"sameday_nextday","attributes":["apothekenpflichtig","Arzneimittel"],"productName":"PARACETAMOL RedCare 500 mg","pricePerUnit":"","imageUrl":"https://cdn.shop-apotheke.com/images/paracetamol-redcare-500-mg-tabletten-D16013200-p1.jpg","pharmaForm":"Tabletten","ribbonText":"","RPMultiplier":"15"}],"master":true,"marketplace":true,"nowProductGroup":"sameday_nextday","notOnStockMessage":"","stockStatusColor":"green","categoryCodes":["csd00001","csd00269","csd00275","csd00280","csd00282","csd00061","csd01059","csd02394","csd02395","root","catalogs","main","landingpages","csd03040","csd01434","csd02968","csd03288","csd03339","csd03344","csd03461","csd03569","csd03939","csd03995","csd03997"],"prices":{"listPrice":{"amount":2.7,"net":2.33,"currency":"EUR","info":{"index":1,"text":"AVP / UVP"}},"retailPrice":{"amount":1.45,"net":1.25,"currency":"EUR","info":{"index":1,"text":"AVP / UVP"}}},"calculatedRatingRanking":3.75,"objectID":"16013200","_highlightResult":{"activeSubstances":[{"value":"Paracetamol","matchLevel":"none","matchedWords":[]}]},"_rankingInfo":{"nbTypos":0,"firstMatchedWord":0,"proximityDistance":0,"userScore":85,"geoDistance":0,"geoPrecision":1,"nbExactWords":0,"words":1,"filters":1,"personalization":{"score":0,"rankingScore":0,"filtersScore":0,"textualRelevanceBucket":1,"initialPosition":15,"newPosition":15}}},{"brandCode":"csd03732","pzn":"00999848","productName":"Nasenspray-ratiopharm® Erwachsene","secondaryCategories":["ratiopharm","Erkältung","RedPoints Aktionswoche - Gute Vorsätze","Beauty ","Geschenke Themenwelt","Gesundheit schenken","Black Friday®","50% und mehr","Landingpages","NOW! Reiseapotheke","Erkältung & Grippe","Schnupfen","Landingpages","Unsere Topseller","Landingpages","Topseller","Landingpages","Topseller","Black Friday®","Erkältungs-Produkte","UNSERE ADVENTS-ÜBERASCHUNG EXKLUSIV FÜR UNSERE BESTEN KUNDEN.","Advent 3","Landingpages","Top Kunden Sommer","Landingpages","SHOP APOTHEKE NOW!"],"manufacturer":"ratiopharm GmbH","pharmaForm":"Nasenspray","brand":"ratiopharm Nasenspray","brandIntern":"ratiopharm","subBrandIntern":"Nasenspray-ratiopharm®","activeSubstances":["Xylometazolin hydrochlorid"],"additiveSubstances":["Wasser, gereinigtes","Natriumcitrat-2-Wasser","Citronensäure monohydrat","Glycerol 85%"],"additiveSubstancesHtml":"<ul><li>Wasser, gereinigtes</li><li>Natriumcitrat-2-Wasser</li><li>Citronensäure monohydrat</li><li>Glycerol 85%</li></ul>","descriptionShort":"Zur Abschwellung der Nasenschleimhaut bei Schnupfen","keywords":["nasenspray"],"unit":"ml","unitQuantityString":"15","masterID":"00999831","indicationRanges":["Atemwegskrankheiten und grippale Infekte","Rhinologika, lokale Anwendung","Schnupfenmittel, Sympathomimetika-haltig"],"ratingCount":443,"averageRating":4.84,"attributes":["apothekenpflichtig","Arzneimittel"],"prescriptionMedicine":false,"price":287,"listPrice":554,"netRetailPrice":247,"priceFormatted":"€ 2,87","listPriceFormatted":"€ 5,54","potency":"","ifap":"Das Dosierspray ist ein Schnupfenmittel (Rhinologikum, Alpha-Sympathomimetikum). Der Wirkstoff Xylometazolinhydrochlorid hat gefäßverengende Eigenschaften und bewirkt dadurch eine Abschwellung der Nasenschleimhaut. Das Dosierspray wird angewendetzur Abschwellung der Nasenschleimhaut bei Schnupfen, anfallsweise auftretendem Fließschnupfen (Rhinitis vasomotorica) und allergischem Schnupfen (Rhinitis allergica). zur Erleichterung des Abfließens des Sekrets bei Entzündungen der Nasennebenhöhlen sowie bei Mittelohrentzündung (Katarrh des Tubenmittelohrs) in Verbindung mit Schnupfen. Das Dosierspray ist für Schulkinder und Erwachsene bestimmt.","image":"https://cdn.shop-apotheke.com/images/nasenspray-ratiopharm-erwachsene-nasenspray-D00999848-p1.jpg","hasImage":true,"deeplink":"arzneimittel/999848/nasenspray-ratiopharm-erwachsene.htm","applicablePromotions":"","variantDetails":"00999831|00999848|48|15 ml|287|arzneimittel/999848/nasenspray-ratiopharm-erwachsene.htm|product.stockStatus.available","stockStatus":"","stockStatusReason":"product.stockStatus.available","inStock":true,"pricePerUnit":"19,13 € / 100 ml","discountInPercent":48,"created":1445171730000,"lastChanged":1598568627000,"ratingsLink":"/produktbewertungen/999848/nasenspray-ratiopharm-erwachsene.htm","ean":"","RPMultiplier":1,"ribbonText":"","primaryCategory":["Die Online-Apotheke für Deutschland","Die Online-Apotheke für Deutschland/Arzneimittel & weitere Produkte ","Die Online-Apotheke für Deutschland/Arzneimittel & weitere Produkte /Auge, Nase & Ohr","Die Online-Apotheke für Deutschland/Arzneimittel & weitere Produkte /Auge, Nase & Ohr/Nase","Die Online-Apotheke für Deutschland/Arzneimittel & weitere Produkte /Auge, Nase & Ohr/Nase/Schnupfen"],"topsellerCountBucket":15,"filterAttributes":[],"filterRating":0.16,"packSize":"15 ml","variants":[{"id":"00999831","text":"Zur Abschwellung der Nasenschleimhaut bei Schnupfen","webDetailPath":"arzneimittel/999831/nasenspray-ratiopharm-erwachsene.htm","stock":"product.stockStatus.available","active":true,"discount":"41","retailPrice":"240","listPrice":"408","packSize":"10 ml","nowProductGroup":"sameday_nextday","attributes":["apothekenpflichtig","Arzneimittel"],"productName":"Nasenspray-ratiopharm® Erwachsene","pricePerUnit":"24,00 € / 100 ml","imageUrl":"https://cdn.shop-apotheke.com/images/nasenspray-ratiopharm-erwachsene-nasenspray-D00999831-p1.jpg","pharmaForm":"Nasenspray","ribbonText":"","RPMultiplier":"1"},{"id":"00999848","text":"Zur Abschwellung der Nasenschleimhaut bei Schnupfen","webDetailPath":"arzneimittel/999848/nasenspray-ratiopharm-erwachsene.htm","stock":"product.stockStatus.available","active":false,"discount":"48","retailPrice":"287","listPrice":"554","packSize":"15 ml","nowProductGroup":"sameday_nextday","attributes":["apothekenpflichtig","Arzneimittel"],"productName":"Nasenspray-ratiopharm® Erwachsene","pricePerUnit":"19,13 € / 100 ml","imageUrl":"https://cdn.shop-apotheke.com/images/nasenspray-ratiopharm-erwachsene-nasenspray-D00999848-p1.jpg","pharmaForm":"Nasenspray","ribbonText":"","RPMultiplier":"1"}],"master":false,"marketplace":true,"nowProductGroup":"sameday_nextday","notOnStockMessage":"","stockStatusColor":"green","categoryCodes":["csd00001","csd00020","csd00028","csd00033","csd00061","csd01060","csd02764","csd02770","csd01458","csd01434","csd02271","csd02860","csd02862","csd03171","csd03172","root","catalogs","main","landingpages","csd03273","csd03339","csd03476","csd03646","csd03644","csd03647","csd03648","csd03715","brandshop","csd2123","csd2127"],"prices":{"listPrice":{"amount":5.54,"net":4.78,"currency":"EUR","info":{"index":1,"text":"AVP / UVP"}},"retailPrice":{"amount":2.87,"net":2.47,"currency":"EUR","info":{"index":1,"text":"AVP / UVP"}}},"calculatedRatingRanking":4.6,"objectID":"00999848","_highlightResult":{"activeSubstances":[{"value":"Xylometazolin hydrochlorid","matchLevel":"none","matchedWords":[]}]},"_rankingInfo":{"nbTypos":0,"firstMatchedWord":0,"proximityDistance":0,"userScore":84,"geoDistance":0,"geoPrecision":1,"nbExactWords":0,"words":1,"filters":1,"personalization":{"score":0,"rankingScore":0,"filtersScore":0,"textualRelevanceBucket":1,"initialPosition":16,"newPosition":16}}},{"brandCode":"","pzn":"08105283","productName":"Corona Pandemie Atemschutzmaske","secondaryCategories":["Landingpages","Healthy Deals App-Angebote","Healthy Deals","Healthy Deals RedPoints","Healthy Deals","RedPoints-Aktion","Landingpages","Newsletter Aktionen"],"manufacturer":"Diverse","pharmaForm":"Mundschutz","brand":"","brandIntern":"","subBrandIntern":"","activeSubstances":[],"additiveSubstances":[],"additiveSubstancesHtml":"","descriptionShort":"Zur Reduzierung einer Verbreitung von Bakterien und Viren","keywords":["mundschutz","schutzmaske","schutzmasken","masken","mundschutzmaske","maske","mundschutzmasken","atemschutzmasken","gesichtsmaske","atemschutz","Einmalmaske","atemschutzmaske","gesichtsmasken","coronamaske","coronamasken","behelfsmaske","behelfsmasken"],"unit":"St","unitQuantityString":"1","masterID":"08105283","indicationRanges":[],"ratingCount":113,"averageRating":4.66,"attributes":[],"prescriptionMedicine":false,"price":535,"listPrice":0,"netRetailPrice":461,"priceFormatted":"€ 5,35","listPriceFormatted":"","potency":"","ifap":"","image":"https://cdn.shop-apotheke.com/images/corona-pandemie-atemschutzmaske-mundschutz-D08105283-p1.jpg","hasImage":true,"deeplink":"arzneimittel/8105283/corona-pandemie-atemschutzmaske.htm","applicablePromotions":"","variantDetails":"08105283|08105283|0|1 St|535|arzneimittel/8105283/corona-pandemie-atemschutzmaske.htm|product.stockStatus.available","stockStatus":"","stockStatusReason":"product.stockStatus.available","inStock":true,"pricePerUnit":"","discountInPercent":0,"created":1587569535000,"lastChanged":1598571038000,"ratingsLink":"/produktbewertungen/8105283/corona-pandemie-atemschutzmaske.htm","ean":"","RPMultiplier":1,"ribbonText":"","primaryCategory":["Die Online-Apotheke für Deutschland","Die Online-Apotheke für Deutschland/Arzneimittel & weitere Produkte ","Die Online-Apotheke für Deutschland/Arzneimittel & weitere Produkte /Krankenpflege","Die Online-Apotheke für Deutschland/Arzneimittel & weitere Produkte /Krankenpflege/Schutzkleidung"],"topsellerCountBucket":15,"filterAttributes":[],"filterRating":0.34,"packSize":"1 St","variants":[{"id":"08105283","text":"Zur Reduzierung einer Verbreitung von Bakterien und Viren","webDetailPath":"arzneimittel/8105283/corona-pandemie-atemschutzmaske.htm","stock":"product.stockStatus.available","active":true,"discount":"0","retailPrice":"535","listPrice":"0","packSize":"1 St","nowProductGroup":"nextday","attributes":[],"productName":"Corona Pandemie Atemschutzmaske","pricePerUnit":"","imageUrl":"https://cdn.shop-apotheke.com/images/corona-pandemie-atemschutzmaske-mundschutz-D08105283-p1.jpg","pharmaForm":"Mundschutz","ribbonText":"","RPMultiplier":"1"}],"master":true,"marketplace":false,"nowProductGroup":"nextday","notOnStockMessage":"","stockStatusColor":"green","categoryCodes":["csd00001","csd00195","csd03992","root","catalogs","main","landingpages","csd02984","csd01434","csd02968","csd03288","csd03461","csd03572"],"prices":{"listPrice":null,"retailPrice":{"amount":5.35,"net":4.61,"currency":"EUR","info":{"index":1,"text":"AVP / UVP"}}},"calculatedRatingRanking":4,"objectID":"08105283","_rankingInfo":{"nbTypos":0,"firstMatchedWord":0,"proximityDistance":0,"userScore":83,"geoDistance":0,"geoPrecision":1,"nbExactWords":0,"words":1,"filters":1,"personalization":{"score":0,"rankingScore":0,"filtersScore":0,"textualRelevanceBucket":1,"initialPosition":17,"newPosition":17}}},{"brandCode":"csd03758","pzn":"16599594","productName":"WÄRMEPFLASTER RedCare","secondaryCategories":["Markenshops","RedCare","Schmerzen","Rückenschmerzen","Schmerzen","Muskel- & Gelenkschmerzen","Muskeln, Knochen & Gelenke","Muskelverspannungen","Muskeln, Knochen & Gelenke","Gelenkschmerzen","Landingpages","RedPoints Moonlight Aktion"],"manufacturer":"nu3 GmbH","pharmaForm":"Pflaster","brand":"RedCare","brandIntern":"RedCare von Shop Apotheke","subBrandIntern":"","activeSubstances":[],"additiveSubstances":[],"additiveSubstancesHtml":"","descriptionShort":"RedCare Wärmepflaster - Therapeutische Tiefenwärme für den Rücken bei Muskel- und Gelenkschmerzen","keywords":["Wärme","Wärmepflaster","wärmendes Pflaster","Pflaster","Rückenschmerzen","Nackenschmerzen","Schulterschmerzen","Schmerzen","Muskelschmerz","Muskelschmerzen","Gelenkschmerz","Gelenkschmerzen","Verspannungen","Rücken"],"unit":"St","unitQuantityString":"4","masterID":"16599594","indicationRanges":[],"ratingCount":3,"averageRating":5,"attributes":[],"prescriptionMedicine":false,"price":1749,"listPrice":2149,"netRetailPrice":1508,"priceFormatted":"€ 17,49","listPriceFormatted":"€ 21,49","potency":"","ifap":"","image":"https://cdn.shop-apotheke.com/images/waermepflaster-redcare-pflaster-D16599594-p1.jpg","hasImage":true,"deeplink":"arzneimittel/16599594/waermepflaster-redcare.htm","applicablePromotions":"promotion=Extra RedPoints","variantDetails":"16599594|16599594|19|4 St|1749|arzneimittel/16599594/waermepflaster-redcare.htm|product.stockStatus.available","stockStatus":"","stockStatusReason":"product.stockStatus.available","inStock":true,"pricePerUnit":"","discountInPercent":19,"created":1594031642000,"lastChanged":1598572986000,"ratingsLink":"/produktbewertungen/16599594/waermepflaster-redcare.htm","ean":"","RPMultiplier":15,"ribbonText":"","primaryCategory":["Die Online-Apotheke für Deutschland","Die Online-Apotheke für Deutschland/Arzneimittel & weitere Produkte ","Die Online-Apotheke für Deutschland/Arzneimittel & weitere Produkte /Schmerzen","Die Online-Apotheke für Deutschland/Arzneimittel & weitere Produkte /Schmerzen/Äußerliche Anwendung","Die Online-Apotheke für Deutschland/Arzneimittel & weitere Produkte /Schmerzen/Äußerliche Anwendung/Kälte- & Wärmetherapie"],"topsellerCountBucket":14,"filterAttributes":[],"filterRating":0,"packSize":"4 St","variants":[{"id":"16599594","text":"RedCare Wärmepflaster - Therapeutische Tiefenwärme für den Rücken bei Muskel- und Gelenkschmerzen","webDetailPath":"arzneimittel/16599594/waermepflaster-redcare.htm","stock":"product.stockStatus.available","active":true,"discount":"19","retailPrice":"1749","listPrice":"2149","packSize":"4 St","nowProductGroup":"sameday_nextday","attributes":[],"productName":"WÄRMEPFLASTER RedCare","pricePerUnit":"","imageUrl":"https://cdn.shop-apotheke.com/images/waermepflaster-redcare-pflaster-D16599594-p1.jpg","pharmaForm":"Pflaster","ribbonText":"","RPMultiplier":"15"}],"master":true,"marketplace":false,"nowProductGroup":"sameday_nextday","notOnStockMessage":"","stockStatusColor":"green","categoryCodes":["csd00001","csd00269","csd00271","csd00272","csd00276","csd00281","csd00263","csd01121","csd02710","root","catalogs","main","landingpages","csd03516","brandshop","csd03679"],"prices":{"listPrice":{"amount":21.49,"net":18.53,"currency":"EUR","info":{"index":1,"text":"AVP / UVP"}},"retailPrice":{"amount":17.49,"net":15.08,"currency":"EUR","info":{"index":1,"text":"AVP / UVP"}}},"calculatedRatingRanking":2.64,"objectID":"16599594","_rankingInfo":{"nbTypos":0,"firstMatchedWord":0,"proximityDistance":0,"userScore":82,"geoDistance":0,"geoPrecision":1,"nbExactWords":0,"words":1,"filters":1,"personalization":{"score":0,"rankingScore":0,"filtersScore":0,"textualRelevanceBucket":1,"initialPosition":18,"newPosition":18}}},{"brandCode":"csd03732","pzn":"00999854","productName":"Nasenspray-ratiopharm® Kinder","secondaryCategories":["ratiopharm","Erkältung","Baby- & Kindergesundheit","Erkältung, Schmerzen & Fieber","Erkältung & Grippe","Schnupfen","Black Friday®","40% und mehr","Landingpages","Flash Deal Erkaeltung","Landingpages","Topseller","Black Friday®","Erkältungs-Produkte","UNSERE ADVENTS-ÜBERASCHUNG EXKLUSIV FÜR UNSERE BESTEN KUNDEN.","Advent 3","Landingpages","100 Topseller","Landingpages","SHOP APOTHEKE NOW!","Landingpages","Top 100"],"manufacturer":"ratiopharm GmbH","pharmaForm":"Nasenspray","brand":"ratiopharm Nasenspray","brandIntern":"ratiopharm","subBrandIntern":"Nasenspray-ratiopharm®","activeSubstances":["Xylometazolin hydrochlorid"],"additiveSubstances":["Wasser für Injektionszwecke","Natriumcitrat-2-Wasser","Citronensäure monohydrat","Glycerol 85%"],"additiveSubstancesHtml":"<ul><li>Wasser für Injektionszwecke</li><li>Natriumcitrat-2-Wasser</li><li>Citronensäure monohydrat</li><li>Glycerol 85%</li></ul>","descriptionShort":"Konservierungsmittelfrei","keywords":["kindernasenspray"],"unit":"ml","unitQuantityString":"10","masterID":"00999854","indicationRanges":["Atemwegskrankheiten und grippale Infekte","Rhinologika, lokale Anwendung","Schnupfenmittel, Sympathomimetika-haltig"],"ratingCount":90,"averageRating":4.95,"attributes":["apothekenpflichtig","Arzneimittel"],"prescriptionMedicine":false,"price":158,"listPrice":241,"netRetailPrice":136,"priceFormatted":"€ 1,58","listPriceFormatted":"€ 2,41","potency":"","ifap":"Das Präparat ist ein Mittel zur Anwendung in der Nase (Rhinologikum) und enthält das Alpha-Sympathomimetikum Xylometazolin. Xylometazolin hat gefäßverengende Eigenschaften und bewirkt dadurch eine Schleimhautabschwellung. Das Arzneimittel wird angewendetzur Abschwellung der Nasenschleimhaut (Kurzzeitbehandlung) bei Schnupfen, anfallsweise auftretendem Fließschnupfen (Rhinitis vasomotorica) oder allergischem Schnupfen (Rhinitis allergica) zur Erleichterung des Sekretabflusses bei Entzündung der Nasennebenhöhlen sowie bei Katarrh des Tubenmittelohrs in Verbindung mit Schnupfen. Das Präparat ist für Kinder zwischen 2 und 6 Jahren bestimmt.","image":"https://cdn.shop-apotheke.com/images/nasenspray-ratiopharm-kinder-nasenspray-D00999854-p1.jpg","hasImage":true,"deeplink":"arzneimittel/999854/nasenspray-ratiopharm-kinder.htm","applicablePromotions":"","variantDetails":"00999854|00999854|34|10 ml|158|arzneimittel/999854/nasenspray-ratiopharm-kinder.htm|product.stockStatus.available","stockStatus":"","stockStatusReason":"product.stockStatus.available","inStock":true,"pricePerUnit":"15,80 € / 100 ml","discountInPercent":34,"created":1445170822000,"lastChanged":1598600880000,"ratingsLink":"/produktbewertungen/999854/nasenspray-ratiopharm-kinder.htm","ean":"","RPMultiplier":1,"ribbonText":"","primaryCategory":["Die Online-Apotheke für Deutschland","Die Online-Apotheke für Deutschland/Arzneimittel & weitere Produkte ","Die Online-Apotheke für Deutschland/Arzneimittel & weitere Produkte /Auge, Nase & Ohr","Die Online-Apotheke für Deutschland/Arzneimittel & weitere Produkte /Auge, Nase & Ohr/Nase","Die Online-Apotheke für Deutschland/Arzneimittel & weitere Produkte /Auge, Nase & Ohr/Nase/Schnupfen"],"topsellerCountBucket":14,"filterAttributes":[],"filterRating":0.05,"packSize":"10 ml","variants":[{"id":"00999854","text":"Konservierungsmittelfrei","webDetailPath":"arzneimittel/999854/nasenspray-ratiopharm-kinder.htm","stock":"product.stockStatus.available","active":true,"discount":"34","retailPrice":"158","listPrice":"241","packSize":"10 ml","nowProductGroup":"sameday_nextday","attributes":["apothekenpflichtig","Arzneimittel"],"productName":"Nasenspray-ratiopharm® Kinder","pricePerUnit":"15,80 € / 100 ml","imageUrl":"https://cdn.shop-apotheke.com/images/nasenspray-ratiopharm-kinder-nasenspray-D00999854-p1.jpg","pharmaForm":"Nasenspray","ribbonText":"","RPMultiplier":"1"}],"master":true,"marketplace":true,"nowProductGroup":"sameday_nextday","notOnStockMessage":"","stockStatusColor":"green","categoryCodes":["csd00001","csd00020","csd00028","csd00033","csd00362","csd02667","csd00372","csd00374","csd00061","csd01060","csd01434","csd02271","csd02272","csd02862","root","catalogs","main","landingpages","csd03040","csd03339","csd03344","csd03524","csd03646","csd03644","csd03648","brandshop","csd2123","csd2127"],"prices":{"listPrice":{"amount":2.41,"net":2.08,"currency":"EUR","info":{"index":1,"text":"AVP / UVP"}},"retailPrice":{"amount":1.58,"net":1.36,"currency":"EUR","info":{"index":1,"text":"AVP / UVP"}}},"calculatedRatingRanking":4.08,"objectID":"00999854","_highlightResult":{"activeSubstances":[{"value":"Xylometazolin hydrochlorid","matchLevel":"none","matchedWords":[]}]},"_rankingInfo":{"nbTypos":0,"firstMatchedWord":0,"proximityDistance":0,"userScore":81,"geoDistance":0,"geoPrecision":1,"nbExactWords":0,"words":1,"filters":1,"personalization":{"score":0,"rankingScore":0,"filtersScore":0,"textualRelevanceBucket":1,"initialPosition":19,"newPosition":19}}},{"brandCode":"csd2300","pzn":"01580241","productName":"Bepanthen® Wund- und Heilsalbe","secondaryCategories":["Bepanthen<sup>®</sup>","Trockene, rissige Hautstellen","Bepanthen<sup>®</sup>","Wundheilung","Landingpages","Aus farmaline wird shop-apotheke.com","Black Friday®","40% und mehr","Landingpages","Weltgesundheitstag: Hausapotheke","Landingpages","SHOP APOTHEKE NOW!","Landingpages","Aktion RED-Points"],"manufacturer":"Bayer Vital GmbH","pharmaForm":"Salbe","brand":"Bepanthen","brandIntern":"Bepanthen®","subBrandIntern":"Wund und Heilsalbe","activeSubstances":["Dexpanthenol"],"additiveSubstances":["Stearylalkohol","Paraffin, dickflüssiges","Cetylalkohol","Protegin X","Wasser, gereinigtes","Vaselin, weißes","Wollwachs","Mandelöl, nativ","Wachs, gebleichtes"],"additiveSubstancesHtml":"<ul><li>Stearylalkohol</li><li>Paraffin, dickflüssiges</li><li>Cetylalkohol</li><li>Protegin X</li><li>Wasser, gereinigtes</li><li>Vaselin, weißes</li><li>Wollwachs</li><li>Mandelöl, nativ</li><li>Wachs, gebleichtes</li></ul>","descriptionShort":"Bei oberflächlichen Hautverletzungen wie kleinen Wunden und schuppig-rissigen Hautstellen","keywords":["wunde"],"unit":"g","unitQuantityString":"20","masterID":"01578793","indicationRanges":["Dermatotherapeutika","Therapie von infizierten und nicht infizierten Hautläsionen","Förderung der Wundheilung"],"ratingCount":954,"averageRating":4.91,"attributes":["apothekenpflichtig","Arzneimittel"],"prescriptionMedicine":false,"price":382,"listPrice":582,"netRetailPrice":329,"priceFormatted":"€ 3,82","listPriceFormatted":"€ 5,82","potency":"","ifap":"Arzneimittel zur Unterstützung der Wundheilung. Es wird angewendet für alle Formen frischer und chronischer Hautschäden (Hautverletzungen), Schürfwunden, Wundliegen, einfache Brandwunden, chronische Geschwüre, Schrunden (spaltförmige Einrisse der Haut), z. B. an den Brustwarzen oder im Afterbereich, Hautentzündungen nach Strahleneinwirkung (Sonnenbrand, Röntgenstrahlen).","image":"https://cdn.shop-apotheke.com/images/bepanthen-wund-und-heilsalbe-salbe-D01580241-p1.jpg","hasImage":true,"deeplink":"arzneimittel/1580241/bepanthen-wund-und-heilsalbe.htm","applicablePromotions":"","variantDetails":"01578793|01580241|34|20 g|382|arzneimittel/1580241/bepanthen-wund-und-heilsalbe.htm|product.stockStatus.available","stockStatus":"","stockStatusReason":"product.stockStatus.available","inStock":true,"pricePerUnit":"19,10 € / 100 g","discountInPercent":34,"created":1445166913000,"lastChanged":1598578242000,"ratingsLink":"/produktbewertungen/1580241/bepanthen-wund-und-heilsalbe.htm","ean":"","RPMultiplier":1,"ribbonText":"","primaryCategory":["Die Online-Apotheke für Deutschland","Die Online-Apotheke für Deutschland/Arzneimittel & weitere Produkte ","Die Online-Apotheke für Deutschland/Arzneimittel & weitere Produkte /Haus- & Reiseapotheke","Die Online-Apotheke für Deutschland/Arzneimittel & weitere Produkte /Haus- & Reiseapotheke/Hausapotheke","Die Online-Apotheke für Deutschland/Arzneimittel & weitere Produkte /Haus- & Reiseapotheke/Hausapotheke/Wundheilung"],"topsellerCountBucket":14,"filterAttributes":[],"filterRating":0.09,"packSize":"20 g","variants":[{"id":"01580241","text":"Bei oberflächlichen Hautverletzungen wie kleinen Wunden und schuppig-rissigen Hautstellen","webDetailPath":"arzneimittel/1580241/bepanthen-wund-und-heilsalbe.htm","stock":"product.stockStatus.available","active":false,"discount":"34","retailPrice":"382","listPrice":"582","packSize":"20 g","nowProductGroup":"sameday_nextday","attributes":["apothekenpflichtig","Arzneimittel"],"productName":"Bepanthen® Wund- und Heilsalbe","pricePerUnit":"19,10 € / 100 g","imageUrl":"https://cdn.shop-apotheke.com/images/bepanthen-wund-und-heilsalbe-salbe-D01580241-p1.jpg","pharmaForm":"Salbe","ribbonText":"","RPMultiplier":"1"},{"id":"01578818","text":"Bei oberflächlichen Hautverletzungen wie kleinen Wunden und schuppig-rissigen Hautstellen","webDetailPath":"arzneimittel/1578818/bepanthen-wund-und-heilsalbe.htm","stock":"product.stockStatus.available","active":false,"discount":"34","retailPrice":"642","listPrice":"972","packSize":"50 g","nowProductGroup":"none","attributes":["apothekenpflichtig","Arzneimittel"],"productName":"Bepanthen® Wund- und Heilsalbe","pricePerUnit":"12,84 € / 100 g","imageUrl":"https://cdn.shop-apotheke.com/images/bepanthen-wund-und-heilsalbe-salbe-D01578818-p1.jpg","pharmaForm":"Salbe","ribbonText":"","RPMultiplier":"1"},{"id":"01578847","text":"Bei oberflächlichen Hautverletzungen wie kleinen Wunden und schuppig-rissigen Hautstellen","webDetailPath":"arzneimittel/1578847/bepanthen-wund-und-heilsalbe.htm","stock":"product.stockStatus.available","active":false,"discount":"30","retailPrice":"1071","listPrice":"1520","packSize":"100 g","nowProductGroup":"nextday","attributes":["apothekenpflichtig","Arzneimittel"],"productName":"Bepanthen® Wund- und Heilsalbe","pricePerUnit":"10,71 € / 100 g","imageUrl":"https://cdn.shop-apotheke.com/images/bepanthen-wund-und-heilsalbe-salbe-D01578847-p1.jpg","pharmaForm":"Salbe","ribbonText":"","RPMultiplier":"1"},{"id":"01578793","text":"Bei oberflächlichen Hautverletzungen wie kleinen Wunden und schuppig-rissigen Hautstellen","webDetailPath":"arzneimittel/1578793/bepanthen-wund-und-heilsalbe.htm","stock":"product.stockStatus.available","active":true,"discount":"12","retailPrice":"174","listPrice":"198","packSize":"3,5 g","nowProductGroup":"sameday_nextday","attributes":["apothekenpflichtig","Arzneimittel"],"productName":"Bepanthen® Wund- und Heilsalbe","pricePerUnit":"49,71 € / 100 g","imageUrl":"https://cdn.shop-apotheke.com/images/bepanthen-wund-und-heilsalbe-salbe-D01578793-p10.jpg","pharmaForm":"Salbe","ribbonText":"","RPMultiplier":"1"}],"master":false,"marketplace":true,"nowProductGroup":"sameday_nextday","notOnStockMessage":"","stockStatusColor":"green","categoryCodes":["csd00001","csd00077","csd02753","csd00141","root","catalogs","main","landingpages","csd01702","csd01434","csd02271","csd02272","csd03159","csd03339","csd03939","brandshop","csd1657","csd1663","csd1664"],"prices":{"listPrice":{"amount":5.82,"net":5.02,"currency":"EUR","info":{"index":1,"text":"AVP / UVP"}},"retailPrice":{"amount":3.82,"net":3.29,"currency":"EUR","info":{"index":1,"text":"AVP / UVP"}}},"calculatedRatingRanking":4.79,"objectID":"01580241","_highlightResult":{"activeSubstances":[{"value":"Dexpanthenol","matchLevel":"none","matchedWords":[]}]},"_rankingInfo":{"nbTypos":0,"firstMatchedWord":0,"proximityDistance":0,"userScore":80,"geoDistance":0,"geoPrecision":1,"nbExactWords":0,"words":1,"filters":1,"personalization":{"score":0,"rankingScore":0,"filtersScore":0,"textualRelevanceBucket":1,"initialPosition":20,"newPosition":20}}},{"brandCode":"csd2300","pzn":"01578681","productName":"Bepanthen® Augen- und Nasensalbe","secondaryCategories":["Auge","Augenreizungen","Nase","Nasenpflege","Bepanthen<sup>®</sup>","Erkältung","Bepanthen<sup>®</sup>","Wundheilung","Bepanthen<sup>®</sup>","Pollenallergie","Black Friday®","40% und mehr","Landingpages","SHOP APOTHEKE NOW!","Landingpages","Aktion RED-Points"],"manufacturer":"Bayer Vital GmbH","pharmaForm":"Augen- und Nasensalbe","brand":"Bepanthen","brandIntern":"Bepanthen®","subBrandIntern":"","activeSubstances":["Dexpanthenol"],"additiveSubstances":["Pantolacton","Paraffin, dickflüssiges","Wasser, gereinigtes","Vaselin, weißes","Wollwachs"],"additiveSubstancesHtml":"<ul><li>Pantolacton</li><li>Paraffin, dickflüssiges</li><li>Wasser, gereinigtes</li><li>Vaselin, weißes</li><li>Wollwachs</li></ul>","descriptionShort":"Zur sanften Heilung von wunden Nasen sowie oberflächlichen Schädigungen am Auge","keywords":["trockeneNase"],"unit":"g","unitQuantityString":"5","masterID":"01578681","indicationRanges":["Ophthalmika","Vitamine","Dexpanthenol","Atemwegskrankheiten und grippale Infekte","Rhinologika, lokale Anwendung","Sonstige"],"ratingCount":590,"averageRating":4.89,"attributes":["apothekenpflichtig","Arzneimittel"],"prescriptionMedicine":false,"price":287,"listPrice":437,"netRetailPrice":247,"priceFormatted":"€ 2,87","listPriceFormatted":"€ 4,37","potency":"","ifap":"Das Präparat ist ein Mittel zur Unterstützung der Wundheilung. Das Arzneimittel wird angewendet:Zur Unterstützung der Heilung bei oberflächlichen leichten Hautschädigungen an der Bindehaut, Hornhaut, bzw. Nasenschleimhaut.","image":"https://cdn.shop-apotheke.com/images/bepanthen-augen-und-nasensalbe-augen-und-nasensalbe-D01578681-p1.jpg","hasImage":true,"deeplink":"arzneimittel/1578681/bepanthen-augen-und-nasensalbe.htm","applicablePromotions":"","variantDetails":"01578681|01578681|34|5 g|287|arzneimittel/1578681/bepanthen-augen-und-nasensalbe.htm|product.stockStatus.available","stockStatus":"","stockStatusReason":"product.stockStatus.available","inStock":true,"pricePerUnit":"57,40 € / 100 g","discountInPercent":34,"created":1445168726000,"lastChanged":1598591404000,"ratingsLink":"/produktbewertungen/1578681/bepanthen-augen-und-nasensalbe.htm","ean":"","RPMultiplier":1,"ribbonText":"","primaryCategory":["Die Online-Apotheke für Deutschland","Die Online-Apotheke für Deutschland/Arzneimittel & weitere Produkte ","Die Online-Apotheke für Deutschland/Arzneimittel & weitere Produkte /Auge, Nase & Ohr","Die Online-Apotheke für Deutschland/Arzneimittel & weitere Produkte /Auge, Nase & Ohr/Auge","Die Online-Apotheke für Deutschland/Arzneimittel & weitere Produkte /Auge, Nase & Ohr/Auge/Wundversorgung & Hilfsmittel"],"topsellerCountBucket":14,"filterAttributes":[],"filterRating":0.11,"packSize":"5 g","variants":[{"id":"01578681","text":"Zur sanften Heilung von wunden Nasen sowie oberflächlichen Schädigungen am Auge","webDetailPath":"arzneimittel/1578681/bepanthen-augen-und-nasensalbe.htm","stock":"product.stockStatus.available","active":true,"discount":"34","retailPrice":"287","listPrice":"437","packSize":"5 g","nowProductGroup":"sameday_nextday","attributes":["apothekenpflichtig","Arzneimittel"],"productName":"Bepanthen® Augen- und Nasensalbe","pricePerUnit":"57,40 € / 100 g","imageUrl":"https://cdn.shop-apotheke.com/images/bepanthen-augen-und-nasensalbe-augen-und-nasensalbe-D01578681-p1.jpg","pharmaForm":"Augen- und Nasensalbe","ribbonText":"","RPMultiplier":"1"},{"id":"01578675","text":"Zur sanften Heilung von wunden Nasen sowie oberflächlichen Schädigungen am Auge","webDetailPath":"arzneimittel/1578675/bepanthen-augen-und-nasensalbe.htm","stock":"product.stockStatus.available","active":false,"discount":"33","retailPrice":"459","listPrice":"680","packSize":"10 g","nowProductGroup":"nextday","attributes":["apothekenpflichtig","Arzneimittel"],"productName":"Bepanthen® Augen- und Nasensalbe","pricePerUnit":"45,90 € / 100 g","imageUrl":"https://cdn.shop-apotheke.com/images/bepanthen-augen-und-nasensalbe-augen-und-nasensalbe-D01578675-p1.jpg","pharmaForm":"Augen- und Nasensalbe","ribbonText":"","RPMultiplier":"1"}],"master":true,"marketplace":true,"nowProductGroup":"sameday_nextday","notOnStockMessage":"","stockStatusColor":"green","categoryCodes":["csd00001","csd00020","csd00021","csd00024","csd00023","csd00028","csd00030","csd01434","csd02271","csd02272","root","catalogs","main","landingpages","csd03159","csd03339","brandshop","csd1657","csd1659","csd1661","csd1664"],"prices":{"listPrice":{"amount":4.37,"net":3.77,"currency":"EUR","info":{"index":1,"text":"AVP / UVP"}},"retailPrice":{"amount":2.87,"net":2.47,"currency":"EUR","info":{"index":1,"text":"AVP / UVP"}}},"calculatedRatingRanking":4.7,"objectID":"01578681","_highlightResult":{"activeSubstances":[{"value":"Dexpanthenol","matchLevel":"none","matchedWords":[]}]},"_rankingInfo":{"nbTypos":0,"firstMatchedWord":0,"proximityDistance":0,"userScore":79,"geoDistance":0,"geoPrecision":1,"nbExactWords":0,"words":1,"filters":1,"personalization":{"score":0,"rankingScore":0,"filtersScore":0,"textualRelevanceBucket":1,"initialPosition":21,"newPosition":21}}},{"brandCode":"csd2610","pzn":"10065578","productName":"nasic® Nasenspray","secondaryCategories":["Ratgeber","Schnupfen","Landingpages","Produktübersicht nasic®","Black Friday®","40% und mehr","Erkältung & Grippe","Schnupfen","Landingpages","NOW! Erkältung","Landingpages","Unsere Top-Produkte","Landingpages","Flash Deal Erkaeltung","Landingpages","NOW! Reiseapotheke","Landingpages","Unsere Topseller","Landingpages","Topseller","Black Friday®","Erkältungs-Produkte","UNSERE ADVENTS-ÜBERASCHUNG EXKLUSIV FÜR UNSERE BESTEN KUNDEN.","Advent 3","Landingpages","40 Reiseknüller","Landingpages","100 Topseller","Landingpages","Top Kunden Sommer","Landingpages","SHOP APOTHEKE NOW!","Landingpages","Top 100"],"manufacturer":"MCM KLOSTERFRAU Vertr. GmbH","pharmaForm":"Nasenspray","brand":"nasic","brandIntern":"nasic®","subBrandIntern":"","activeSubstances":["Dexpanthenol","Xylometazolin hydrochlorid"],"additiveSubstances":["Kaliumdihydrogenphosphat","Benzalkonium chlorid","Wasser, gereinigtes","Dinatriumhydrogenphosphat-12-Wasser"],"additiveSubstancesHtml":"<ul><li>Kaliumdihydrogenphosphat</li><li>Benzalkonium chlorid</li><li>Wasser, gereinigtes</li><li>Dinatriumhydrogenphosphat-12-Wasser</li></ul>","descriptionShort":"Zur Abschwellung der Nasenschleimhaut bei Schnupfen","keywords":[],"unit":"ml","unitQuantityString":"15","masterID":"00705309","indicationRanges":["Atemwegskrankheiten und grippale Infekte","Rhinologika, lokale Anwendung","Schnupfenmittel, Sympathomimetika-haltig"],"ratingCount":299,"averageRating":4.88,"attributes":["apothekenpflichtig","Arzneimittel"],"prescriptionMedicine":false,"price":583,"listPrice":863,"netRetailPrice":503,"priceFormatted":"€ 5,83","listPriceFormatted":"€ 8,63","potency":"","ifap":"Das Präparat ist ein Nasenspray. Der darin enthaltene Wirkstoff Xylometazolinhydrochlorid verengt die Gefäße und bewirkt dadurch eine Abschwellung der Nasenschleimhaut. Der zusätzlich enthaltene Wirkstoff Dexpanthenol ist ein Abkömmling des Vitamins Pantothensäure, das die Wundheilung fördert und die Schleimhaut schützt. Das Arzneimittel wird angewendetzur Abschwellung der Nasenschleimhaut bei Schnupfen und zur unterstützenden Behandlung der Heilung von Haut- und Schleimhautschäden (-Läsionen), anfallsweise auftretendem Fließschnupfen (Rhinitis vasomotorica) und zur Behandlung der Nasenatmungsbehinderung nach operativen Eingriffen an der Nase. Zur Abschwellung der Nasenschleimhaut bei Schnupfen in Verbindung mit akuten Entzündungen der Nasennebenhöhlen (Rhinosinusitis). Das Präparat ist für Erwachsene und Schulkinder bestimmt.","image":"https://cdn.shop-apotheke.com/images/nasic-nasenspray-nasenspray-D10065578-p1.jpg","hasImage":true,"deeplink":"arzneimittel/10065578/nasic-nasenspray.htm","applicablePromotions":"","variantDetails":"00705309|10065578|32|15 ml|583|arzneimittel/10065578/nasic-nasenspray.htm|product.stockStatus.available","stockStatus":"","stockStatusReason":"product.stockStatus.available","inStock":true,"pricePerUnit":"38,87 € / 100 ml","discountInPercent":32,"created":1445175912000,"lastChanged":1598571623000,"ratingsLink":"/produktbewertungen/10065578/nasic-nasenspray.htm","ean":"4008617225058","RPMultiplier":1,"ribbonText":"","primaryCategory":["Die Online-Apotheke für Deutschland","Die Online-Apotheke für Deutschland/Arzneimittel & weitere Produkte ","Die Online-Apotheke für Deutschland/Arzneimittel & weitere Produkte /Auge, Nase & Ohr","Die Online-Apotheke für Deutschland/Arzneimittel & weitere Produkte /Auge, Nase & Ohr/Nase","Die Online-Apotheke für Deutschland/Arzneimittel & weitere Produkte /Auge, Nase & Ohr/Nase/Schnupfen"],"topsellerCountBucket":14,"filterAttributes":[],"filterRating":0.12,"packSize":"15 ml","variants":[{"id":"00705309","text":"Zur Abschwellung der Nasenschleimhaut bei Schnupfen","webDetailPath":"arzneimittel/705309/nasic-nasenspray.htm","stock":"product.stockStatus.available","active":true,"discount":"33","retailPrice":"466","listPrice":"697","packSize":"10 ml","nowProductGroup":"nextday","attributes":["apothekenpflichtig","Arzneimittel"],"productName":"nasic® Nasenspray","pricePerUnit":"46,60 € / 100 ml","imageUrl":"https://cdn.shop-apotheke.com/images/nasic-nasenspray-nasenspray-D00705309-p1.jpg","pharmaForm":"Nasenspray","ribbonText":"","RPMultiplier":"1"},{"id":"08096308","text":"Zur Abschwellung und zur unterstützenden Behandlung der Heilung der Nasenschleimhaut","webDetailPath":"arzneimittel/8096308/nasic-nasenspray-set.htm","stock":"product.stockStatus.available","active":false,"discount":"35","retailPrice":"902","listPrice":"1394","packSize":"2x10 ml","nowProductGroup":"nextday","attributes":["apothekenpflichtig","Arzneimittel"],"productName":"nasic® Nasenspray Set","pricePerUnit":"45,10 € / 100 ml","imageUrl":"https://cdn.shop-apotheke.com/images/nasic-nasenspray-set-spray-D08096308-p1.jpg","pharmaForm":"Spray","ribbonText":"Sparset","RPMultiplier":"1"},{"id":"10065578","text":"Zur Abschwellung der Nasenschleimhaut bei Schnupfen","webDetailPath":"arzneimittel/10065578/nasic-nasenspray.htm","stock":"product.stockStatus.available","active":false,"discount":"32","retailPrice":"583","listPrice":"863","packSize":"15 ml","nowProductGroup":"nextday","attributes":["apothekenpflichtig","Arzneimittel"],"productName":"nasic® Nasenspray","pricePerUnit":"38,87 € / 100 ml","imageUrl":"https://cdn.shop-apotheke.com/images/nasic-nasenspray-nasenspray-D10065578-p1.jpg","pharmaForm":"Nasenspray","ribbonText":"","RPMultiplier":"1"}],"master":false,"marketplace":true,"nowProductGroup":"nextday","notOnStockMessage":"","stockStatusColor":"green","categoryCodes":["csd00001","csd00020","csd00028","csd00033","csd00061","csd01060","root","catalogs","main","themeshop","csd01135","csd01434","csd02271","csd02272","landingpages","csd02377","csd02862","csd03040","csd03273","csd03339","csd03341","csd03344","csd03476","csd03506","csd03524","csd03646","csd03644","csd03647","csd03715","csd03743"],"prices":{"listPrice":{"amount":8.63,"net":7.44,"currency":"EUR","info":{"index":1,"text":"AVP / UVP"}},"retailPrice":{"amount":5.83,"net":5.03,"currency":"EUR","info":{"index":1,"text":"AVP / UVP"}}},"calculatedRatingRanking":4.54,"objectID":"10065578","_highlightResult":{"activeSubstances":[{"value":"Dexpanthenol","matchLevel":"none","matchedWords":[]},{"value":"Xylometazolin hydrochlorid","matchLevel":"none","matchedWords":[]}]},"_rankingInfo":{"nbTypos":0,"firstMatchedWord":0,"proximityDistance":0,"userScore":78,"geoDistance":0,"geoPrecision":1,"nbExactWords":0,"words":1,"filters":1,"personalization":{"score":0,"rankingScore":0,"filtersScore":0,"textualRelevanceBucket":1,"initialPosition":22,"newPosition":22}}},{"brandCode":"csd03752","pzn":"03929274","productName":"Nasenspray AL 0,1%","secondaryCategories":["ALIUD PHARMA<sup>®</sup>","Erkältung","RedPoints Aktionswoche - Gute Vorsätze","Beauty ","Erkältung & Grippe","Schnupfen","Black Friday®","40% und mehr","Landingpages","Flash Deal Erkaeltung","Landingpages","Topseller","Black Friday®","Erkältungs-Produkte","UNSERE ADVENTS-ÜBERASCHUNG EXKLUSIV FÜR UNSERE BESTEN KUNDEN.","Advent 3","Landingpages","100 Topseller","Landingpages","Top 100"],"manufacturer":"ALIUD Pharma GmbH","pharmaForm":"Lösung","brand":"Aliud","brandIntern":"ALIUD","subBrandIntern":"Nasenspray AL","activeSubstances":["Xylometazolin hydrochlorid"],"additiveSubstances":["Benzalkonium chlorid","Wasser, gereinigtes","Natriumcitrat-2-Wasser","Citronensäure monohydrat","Glycerol"],"additiveSubstancesHtml":"<ul><li>Benzalkonium chlorid</li><li>Wasser, gereinigtes</li><li>Natriumcitrat-2-Wasser</li><li>Citronensäure monohydrat</li><li>Glycerol</li></ul>","descriptionShort":"Zur Abschwellung der Nasenschleimhaut bei Schnupfen","keywords":[],"unit":"ml","unitQuantityString":"10","masterID":"03929274","indicationRanges":["Atemwegskrankheiten und grippale Infekte","Rhinologika, lokale Anwendung","Schnupfenmittel, Sympathomimetika-haltig"],"ratingCount":222,"averageRating":4.86,"attributes":["apothekenpflichtig","Arzneimittel"],"prescriptionMedicine":false,"price":159,"listPrice":232,"netRetailPrice":137,"priceFormatted":"€ 1,59","listPriceFormatted":"€ 2,32","potency":"","ifap":"Das Dosierspray ist ein Schnupfenmittel (Rhinologikum, Alpha-Sympathomimetikum). Der Wirkstoff Xylometazolinhydrochlorid hat gefäßverengende Eigenschaften und bewirkt dadurch eine Abschwellung der Nasenschleimhaut. Das Dosierspray wird angewendetzur Abschwellung der Nasenschleimhaut bei Schnupfen, anfallsweise auftretendem Fließschnupfen (Rhinitis vasomotorica) und allergischem Schnupfen (Rhinitis allergica). zur Erleichterung des Abfließens des Sekrets bei Entzündungen der Nasennebenhöhlen sowie bei Mittelohrentzündung (Katarrh des Tubenmittelohrs) in Verbindung mit Schnupfen. Das Dosierspray ist für Schulkinder und Erwachsene bestimmt.","image":"https://cdn.shop-apotheke.com/images/nasenspray-al-0-1-loesung-D03929274-p1.jpg","hasImage":true,"deeplink":"arzneimittel/3929274/nasenspray-al-0-1.htm","applicablePromotions":"","variantDetails":"03929274|03929274|31|10 ml|159|arzneimittel/3929274/nasenspray-al-0-1.htm|product.stockStatus.available","stockStatus":"","stockStatusReason":"product.stockStatus.available","inStock":true,"pricePerUnit":"15,90 € / 100 ml","discountInPercent":31,"created":1445174130000,"lastChanged":1598578668000,"ratingsLink":"/produktbewertungen/3929274/nasenspray-al-0-1.htm","ean":"4150039292740","RPMultiplier":1,"ribbonText":"","primaryCategory":["Die Online-Apotheke für Deutschland","Die Online-Apotheke für Deutschland/Arzneimittel & weitere Produkte ","Die Online-Apotheke für Deutschland/Arzneimittel & weitere Produkte /Auge, Nase & Ohr","Die Online-Apotheke für Deutschland/Arzneimittel & weitere Produkte /Auge, Nase & Ohr/Nase","Die Online-Apotheke für Deutschland/Arzneimittel & weitere Produkte /Auge, Nase & Ohr/Nase/Schnupfen"],"topsellerCountBucket":14,"filterAttributes":[],"filterRating":0.14,"packSize":"10 ml","variants":[{"id":"03929274","text":"Zur Abschwellung der Nasenschleimhaut bei Schnupfen","webDetailPath":"arzneimittel/3929274/nasenspray-al-0-1.htm","stock":"product.stockStatus.available","active":true,"discount":"31","retailPrice":"159","listPrice":"232","packSize":"10 ml","nowProductGroup":"sameday_nextday","attributes":["apothekenpflichtig","Arzneimittel"],"productName":"Nasenspray AL 0,1%","pricePerUnit":"15,90 € / 100 ml","imageUrl":"https://cdn.shop-apotheke.com/images/nasenspray-al-0-1-loesung-D03929274-p1.jpg","pharmaForm":"Lösung","ribbonText":"","RPMultiplier":"1"}],"master":true,"marketplace":false,"nowProductGroup":"sameday_nextday","notOnStockMessage":"","stockStatusColor":"green","categoryCodes":["csd00001","csd00020","csd00028","csd00033","csd00061","csd01060","csd01434","csd02271","csd02272","csd02862","root","catalogs","main","landingpages","csd03040","csd03171","csd03172","csd03344","csd03524","csd03646","csd03644","csd03648","brandshop","csd1914","csd1917"],"prices":{"listPrice":{"amount":2.32,"net":2,"currency":"EUR","info":{"index":1,"text":"AVP / UVP"}},"retailPrice":{"amount":1.59,"net":1.37,"currency":"EUR","info":{"index":1,"text":"AVP / UVP"}}},"calculatedRatingRanking":4.43,"objectID":"03929274","_highlightResult":{"activeSubstances":[{"value":"Xylometazolin hydrochlorid","matchLevel":"none","matchedWords":[]}]},"_rankingInfo":{"nbTypos":0,"firstMatchedWord":0,"proximityDistance":0,"userScore":77,"geoDistance":0,"geoPrecision":1,"nbExactWords":0,"words":1,"filters":1,"personalization":{"score":0,"rankingScore":0,"filtersScore":0,"textualRelevanceBucket":1,"initialPosition":23,"newPosition":23}}},{"brandCode":"csd01615","pzn":"10019621","productName":"IBU-ratiopharm® 400 mg akut Schmerztabletten","secondaryCategories":["Ratgeber","Reiseapotheke","Landingpages","Topseller Reiseapotheke","Schmerzen","Zahnschmerzen","Black Friday®","Erkältungs-Produkte","Erkältung & Grippe","Fiebersenkende Schmerzmittel","Kopfschmerzen","Ibuprofen","Healthy Deals","RedPoints-Aktion"],"manufacturer":"ratiopharm GmbH","pharmaForm":"Filmtabletten","brand":"IBU ratiopharm","brandIntern":"ratiopharm","subBrandIntern":"IBU-ratiopharm®","activeSubstances":["Ibuprofen"],"additiveSubstances":["Stearinsäure","Croscarmellose natrium","Hypromellose","Siliciumdioxid, hochdisperses","Maisstärke, vorverkleistert","Macrogol 8000","Titandioxid"],"additiveSubstancesHtml":"<ul><li>Stearinsäure</li><li>Croscarmellose natrium</li><li>Hypromellose</li><li>Siliciumdioxid, hochdisperses</li><li>Maisstärke, vorverkleistert</li><li>Macrogol 8000</li><li>Titandioxid</li></ul>","descriptionShort":"Bei leichten bis mäßig starken Schmerzen wie Kopfschmerzen, Zahnschmerzen, Regelschmerzen und Fieber","keywords":[],"unit":"St","unitQuantityString":"50","masterID":"00266011","indicationRanges":["Analgetika/ Antipyretika","Antipyretisch wirkende Analgetika","Arylpropionsäure-Derivate (Monopräparate)"],"ratingCount":248,"averageRating":4.85,"attributes":["apothekenpflichtig","Arzneimittel"],"prescriptionMedicine":false,"price":686,"listPrice":1144,"netRetailPrice":591,"priceFormatted":"€ 6,86","listPriceFormatted":"€ 11,44","potency":"","ifap":"Das Arzneimittelist ein entzündungshemmendes und schmerzstillendes Arzneimittel (nicht-steroidales Antiphlogistikum/Analgetikum). Es enthält den Wirkstoff Ibuprofen. Das Arzneimittel wird angewendet beileichten bis mäßig starken Schmerzen wie Kopfschmerzen, Zahnschmerzen, Regelschmerzen; Fieber.","image":"https://cdn.shop-apotheke.com/images/ibu-ratiopharm-400-mg-akut-schmerztabletten-filmtabletten-D10019621-p1.jpg","hasImage":true,"deeplink":"arzneimittel/10019621/ibu-ratiopharm-400-mg-akut-schmerztabletten.htm","applicablePromotions":"","variantDetails":"00266011|10019621|40|50 St|686|arzneimittel/10019621/ibu-ratiopharm-400-mg-akut-schmerztabletten.htm|product.stockStatus.available","stockStatus":"","stockStatusReason":"product.stockStatus.available","inStock":true,"pricePerUnit":"","discountInPercent":40,"created":1445166648000,"lastChanged":1598571601000,"ratingsLink":"/produktbewertungen/10019621/ibu-ratiopharm-400-mg-akut-schmerztabletten.htm","ean":"","RPMultiplier":1,"ribbonText":"","primaryCategory":["Die Online-Apotheke für Deutschland","Die Online-Apotheke für Deutschland/Arzneimittel & weitere Produkte ","Die Online-Apotheke für Deutschland/Arzneimittel & weitere Produkte /Schmerzen","Die Online-Apotheke für Deutschland/Arzneimittel & weitere Produkte /Schmerzen/Fiebersenkende Schmerzmittel"],"topsellerCountBucket":14,"filterAttributes":[],"filterRating":0.15,"packSize":"50 St","variants":[{"id":"00266011","text":"Bei leichten bis mäßig starken Schmerzen wie Kopfschmerzen, Zahnschmerzen, Regelschmerzen und Fieber","webDetailPath":"arzneimittel/266011/ibu-ratiopharm-400-mg-akut-schmerztabletten.htm","stock":"product.stockStatus.available","active":true,"discount":"44","retailPrice":"193","listPrice":"346","packSize":"10 St","nowProductGroup":"sameday_nextday","attributes":["apothekenpflichtig","Arzneimittel"],"productName":"IBU-ratiopharm® 400 mg akut Schmerztabletten","pricePerUnit":"","imageUrl":"https://cdn.shop-apotheke.com/images/ibu-ratiopharm-400-mg-akut-schmerztabletten-filmtabletten-D00266011-p1.jpg","pharmaForm":"Filmtabletten","ribbonText":"","RPMultiplier":"1"},{"id":"00266040","text":"Bei leichten bis mäßig starken Schmerzen wie Kopfschmerzen, Zahnschmerzen, Regelschmerzen und Fieber","webDetailPath":"arzneimittel/266040/ibu-ratiopharm-400-mg-akut-schmerztabletten.htm","stock":"product.stockStatus.available","active":false,"discount":"52","retailPrice":"291","listPrice":"600","packSize":"20 St","nowProductGroup":"sameday_nextday","attributes":["apothekenpflichtig","Arzneimittel"],"productName":"IBU-ratiopharm® 400 mg akut Schmerztabletten","pricePerUnit":"","imageUrl":"https://cdn.shop-apotheke.com/images/ibu-ratiopharm-400-mg-akut-schmerztabletten-filmtabletten-D00266040-p1.jpg","pharmaForm":"Filmtabletten","ribbonText":"","RPMultiplier":"1"},{"id":"10019621","text":"Bei leichten bis mäßig starken Schmerzen wie Kopfschmerzen, Zahnschmerzen, Regelschmerzen und Fieber","webDetailPath":"arzneimittel/10019621/ibu-ratiopharm-400-mg-akut-schmerztabletten.htm","stock":"product.stockStatus.available","active":false,"discount":"40","retailPrice":"686","listPrice":"1144","packSize":"50 St","nowProductGroup":"nextday","attributes":["apothekenpflichtig","Arzneimittel"],"productName":"IBU-ratiopharm® 400 mg akut Schmerztabletten","pricePerUnit":"","imageUrl":"https://cdn.shop-apotheke.com/images/ibu-ratiopharm-400-mg-akut-schmerztabletten-filmtabletten-D10019621-p1.jpg","pharmaForm":"Filmtabletten","ribbonText":"","RPMultiplier":"1"}],"master":false,"marketplace":false,"nowProductGroup":"nextday","notOnStockMessage":"","stockStatusColor":"green","categoryCodes":["csd00001","csd00269","csd00275","csd00282","csd00061","csd01059","root","catalogs","main","themeshop","csd01396","csd02394","csd02397","csd01434","csd02271","csd02862","landingpages","csd03039","csd02968","csd03288"],"prices":{"listPrice":{"amount":11.44,"net":9.86,"currency":"EUR","info":{"index":1,"text":"AVP / UVP"}},"retailPrice":{"amount":6.86,"net":5.91,"currency":"EUR","info":{"index":1,"text":"AVP / UVP"}}},"calculatedRatingRanking":4.46,"objectID":"10019621","_highlightResult":{"activeSubstances":[{"value":"Ibuprofen","matchLevel":"none","matchedWords":[]}]},"_rankingInfo":{"nbTypos":0,"firstMatchedWord":0,"proximityDistance":0,"userScore":76,"geoDistance":0,"geoPrecision":1,"nbExactWords":0,"words":1,"filters":1,"personalization":{"score":0,"rankingScore":0,"filtersScore":0,"textualRelevanceBucket":1,"initialPosition":24,"newPosition":24}}},{"brandCode":"csd2474","pzn":"02503461","productName":"Iberogast®","secondaryCategories":["Pflanzlich","Verdauung","Magen & Darm","Verdauung","Pflanzlich","Sodbrennen","Ratgeber","Magen- und Darm-Beschwerden","Magen & Darm","Blähungen & Krämpfe","Pflanzlich","Übelkeit & Erbrechen","Pflanzlich","Blähungen & Völlegefühl","Landingpages","Beigaben Aktionen","Geschenke Themenwelt","Gesundheit schenken","Black Friday®","30% und mehr","Specials","Neujahrs-Special","Landingpages","NOW! Reiseapotheke","Black Friday®","Wohl durch den Winter","UNSERE ADVENTS-ÜBERASCHUNG EXKLUSIV FÜR UNSERE BESTEN KUNDEN.","Advent 2","Neujahrs-Special","RedPoints-Aktion","Landingpages","Angebote aus der App-otheke ","Landingpages","Gesund durch den Karneval","Landingpages","40 Reiseknüller","Landingpages","Weltgesundheitstag: Hausapotheke","Landingpages","SHOP APOTHEKE NOW!","Healthy Deals","Healthy Deals Reiseapotheke","Healthy Deals","Healthy Deals Aktionsprodukte","Healthy Deals","Healthy Deals Gutes Bauchgefühl","Landingpages","Healthy Deals App-Angebote","Healthy Deals","RedPoints-Aktion","Landingpages","Aktion RED-Points"],"manufacturer":"Bayer Vital GmbH","pharmaForm":"Flüssigkeit","brand":"Iberogast","brandIntern":"Iberogast®","subBrandIntern":"","activeSubstances":["Kamillenblüten-Tinktur (1:2-4); Auszugsmittel: Ethanol 30% (V/V)","Kümmel-Tinktur (1:2,5-3,5); Auszugsmittel: Ethanol 30% (V/V)","Süßholzwurzel-Tinktur (1:2,5-3,5); Auszugsmittel: Ethanol 30% (V/V)","Melissenblätter-Tinktur (1:2,5-3,5); Auszugsmittel: Ethanol 30% (V/V)","Pfefferminzblätter-Tinktur (1:2,5-3,5); Auszugsmittel: Ethanol 30% (V/V)","Angelikawurzel-Tinktur (1:2,5-3,5); Auszugsmittel: Ethanol 30% (V/V)","Schöllkraut-Tinktur (1:2,5-3,5); Auszugsmittel: Ethanol 30% (V/V)","Schleifenblumen-Tinktur (1:1,5-2,5); Auszugsmittel: Ethanol 50% (V/V)","Mariendistelfrüchte-Tinktur (1:2,5-3,5); Auszugsmittel: Ethanol 30% (V/V)"],"additiveSubstances":["Ethanol"],"additiveSubstancesHtml":"<ul><li>Ethanol</li></ul>","descriptionShort":"Bei Magen-Darm-Erkrankungen mit Beschwerden wie Magenschmerzen,Völlegefühl, Blähungen und Übelkeit","keywords":["magen","magendarm"],"unit":"ml","unitQuantityString":"100","masterID":"00514644","indicationRanges":["Magen-Darm-wirksame Pharmaka","Phytopharmaka","Therapie von Gastritis/ Sodbrennen","Therapie von intestinalen Verdauungsstörungen"],"ratingCount":858,"averageRating":4.85,"attributes":["apothekenpflichtig","pflanzlich","Arzneimittel"],"prescriptionMedicine":false,"price":2752,"listPrice":3790,"netRetailPrice":2372,"priceFormatted":"€ 27,52","listPriceFormatted":"€ 37,90","potency":"","ifap":"Dieses Präparat ist ein pflanzliches Arzneimittel bei Magen-Darm-Erkrankungen. Es wird angewendet zur Behandlung von funktionellen und motilitätsbedingten Magen-Darm-Erkrankungen wie Reizmagen- und Reizdarmsyndrom sowie zur unterstützenden Behandlung der Beschwerden bei Magenschleimhautentzündung (Gastritis). Diese Erkrankungen äußern sich vorwiegend in Beschwerden wie Magenschmerzen, Völlegefühl, Blähungen, Magen-Darm-Krämpfen, Übelkeit und Sodbrennen.","image":"https://cdn.shop-apotheke.com/images/iberogast-fluessigkeit-D02503461-p1.jpg","hasImage":true,"deeplink":"arzneimittel/2503461/iberogast.htm","applicablePromotions":"","variantDetails":"00514644|02503461|27|100 ml|2752|arzneimittel/2503461/iberogast.htm|product.stockStatus.available","stockStatus":"","stockStatusReason":"product.stockStatus.available","inStock":true,"pricePerUnit":"27,52 € / 100 ml","discountInPercent":27,"created":1445173232000,"lastChanged":1598569133000,"ratingsLink":"/produktbewertungen/2503461/iberogast.htm","ean":"","RPMultiplier":1,"ribbonText":"","primaryCategory":["Die Online-Apotheke für Deutschland","Die Online-Apotheke für Deutschland/Arzneimittel & weitere Produkte ","Die Online-Apotheke für Deutschland/Arzneimittel & weitere Produkte /Magen & Darm","Die Online-Apotheke für Deutschland/Arzneimittel & weitere Produkte /Magen & Darm/Sodbrennen"],"topsellerCountBucket":14,"filterAttributes":["pflanzlich"],"filterRating":0.15,"packSize":"100 ml","variants":[{"id":"00514644","text":"Bei Magen-Darm-Erkrankungen mit Beschwerden wie Magenschmerzen,Völlegefühl, Blähungen und Übelkeit","webDetailPath":"arzneimittel/514644/iberogast.htm","stock":"product.stockStatus.available","active":true,"discount":"33","retailPrice":"739","listPrice":"1100","packSize":"20 ml","nowProductGroup":"sameday_nextday","attributes":["apothekenpflichtig","pflanzlich","Arzneimittel"],"productName":"Iberogast®","pricePerUnit":"36,95 € / 100 ml","imageUrl":"https://cdn.shop-apotheke.com/images/iberogast-fluessigkeit-D00514644-p1.jpg","pharmaForm":"Flüssigkeit","ribbonText":"","RPMultiplier":"1"},{"id":"00514650","text":"Bei Magen-Darm-Erkrankungen mit Beschwerden wie Magenschmerzen,Völlegefühl, Blähungen und Übelkeit","webDetailPath":"arzneimittel/514650/iberogast.htm","stock":"product.stockStatus.available","active":false,"discount":"29","retailPrice":"1605","listPrice":"2271","packSize":"50 ml","nowProductGroup":"sameday_nextday","attributes":["apothekenpflichtig","pflanzlich","Arzneimittel"],"productName":"Iberogast®","pricePerUnit":"32,10 € / 100 ml","imageUrl":"https://cdn.shop-apotheke.com/images/iberogast-fluessigkeit-D00514650-p1.jpg","pharmaForm":"Flüssigkeit","ribbonText":"","RPMultiplier":"1"},{"id":"02503461","text":"Bei Magen-Darm-Erkrankungen mit Beschwerden wie Magenschmerzen,Völlegefühl, Blähungen und Übelkeit","webDetailPath":"arzneimittel/2503461/iberogast.htm","stock":"product.stockStatus.available","active":false,"discount":"27","retailPrice":"2752","listPrice":"3790","packSize":"100 ml","nowProductGroup":"sameday_nextday","attributes":["apothekenpflichtig","pflanzlich","Arzneimittel"],"productName":"Iberogast®","pricePerUnit":"27,52 € / 100 ml","imageUrl":"https://cdn.shop-apotheke.com/images/iberogast-fluessigkeit-D02503461-p1.jpg","pharmaForm":"Flüssigkeit","ribbonText":"","RPMultiplier":"1"}],"master":false,"marketplace":true,"nowProductGroup":"sameday_nextday","notOnStockMessage":"","stockStatusColor":"green","categoryCodes":["csd00001","csd00219","csd00229","csd00221","csd00231","csd00850","csd00851","csd00884","csd00887","csd00905","csd00906","csd00908","csd02764","csd02770","csd01458","csd01434","csd01461","root","catalogs","main","themeshop","csd02420","csd02271","csd02859","landingpages","csd03146","csd03159","csd02968","csd03288","csd03339","csd03461","csd03476","csd03568","csd03569","csd03635","csd03646","csd03643","csd03668","csd03684","csd03686","csd03716","csd03743","csd03939"],"prices":{"listPrice":{"amount":37.9,"net":32.67,"currency":"EUR","info":{"index":1,"text":"AVP / UVP"}},"retailPrice":{"amount":27.52,"net":23.72,"currency":"EUR","info":{"index":1,"text":"AVP / UVP"}}},"calculatedRatingRanking":4.72,"objectID":"02503461","_highlightResult":{"activeSubstances":[{"value":"Kamillenblüten-Tinktur (1:2-4); <ais-highlight-0000000000>A</ais-highlight-0000000000>uszugsmittel: Ethanol 30% (V/V)","matchLevel":"full","fullyHighlighted":false,"matchedWords":["a"]},{"value":"Kümmel-Tinktur (1:2,5-3,5); <ais-highlight-0000000000>A</ais-highlight-0000000000>uszugsmittel: Ethanol 30% (V/V)","matchLevel":"full","fullyHighlighted":false,"matchedWords":["a"]},{"value":"Süßholzwurzel-Tinktur (1:2,5-3,5); <ais-highlight-0000000000>A</ais-highlight-0000000000>uszugsmittel: Ethanol 30% (V/V)","matchLevel":"full","fullyHighlighted":false,"matchedWords":["a"]},{"value":"Melissenblätter-Tinktur (1:2,5-3,5); <ais-highlight-0000000000>A</ais-highlight-0000000000>uszugsmittel: Ethanol 30% (V/V)","matchLevel":"full","fullyHighlighted":false,"matchedWords":["a"]},{"value":"Pfefferminzblätter-Tinktur (1:2,5-3,5); <ais-highlight-0000000000>A</ais-highlight-0000000000>uszugsmittel: Ethanol 30% (V/V)","matchLevel":"full","fullyHighlighted":false,"matchedWords":["a"]},{"value":"<ais-highlight-0000000000>A</ais-highlight-0000000000>ngelikawurzel-Tinktur (1:2,5-3,5); <ais-highlight-0000000000>A</ais-highlight-0000000000>uszugsmittel: Ethanol 30% (V/V)","matchLevel":"full","fullyHighlighted":false,"matchedWords":["a"]},{"value":"Schöllkraut-Tinktur (1:2,5-3,5); <ais-highlight-0000000000>A</ais-highlight-0000000000>uszugsmittel: Ethanol 30% (V/V)","matchLevel":"full","fullyHighlighted":false,"matchedWords":["a"]},{"value":"Schleifenblumen-Tinktur (1:1,5-2,5); <ais-highlight-0000000000>A</ais-highlight-0000000000>uszugsmittel: Ethanol 50% (V/V)","matchLevel":"full","fullyHighlighted":false,"matchedWords":["a"]},{"value":"Mariendistelfrüchte-Tinktur (1:2,5-3,5); <ais-highlight-0000000000>A</ais-highlight-0000000000>uszugsmittel: Ethanol 30% (V/V)","matchLevel":"full","fullyHighlighted":false,"matchedWords":["a"]}]},"_rankingInfo":{"nbTypos":0,"firstMatchedWord":0,"proximityDistance":0,"userScore":75,"geoDistance":0,"geoPrecision":1,"nbExactWords":0,"words":1,"filters":1,"personalization":{"score":0,"rankingScore":0,"filtersScore":0,"textualRelevanceBucket":1,"initialPosition":25,"newPosition":25}}},{"brandCode":"","pzn":"16330656","productName":"Voltaren® Schmerzgel forte ","secondaryCategories":["Schmerzen","Muskel- & Gelenkschmerzen","Schmerzen","Rückenschmerzen","Muskeln, Knochen & Gelenke","Gelenkschmerzen","Sportverletzung","Schmerzgel","Muskeln, Knochen & Gelenke","Muskelverspannungen","Voltaren","Rückenschmerzen","Voltaren","Knieschmerzen"],"manufacturer":"GlaxoSmithKline Consumer Healthcare","pharmaForm":"Gel","brand":"","brandIntern":"Voltaren®","subBrandIntern":"","activeSubstances":["Diclofenac diethylamin"],"additiveSubstances":["Isopropanol","Diethylamin","Paraffin, dickflüssiges","Cocoylcaprylocaprat","Parfümöl Eucalyptus","Oleylalkohol","Wasser, gereinigtes","Carbomer","Butylhydroxytoluol","Propylenglycol","Ceteareth"],"additiveSubstancesHtml":"<ul><li>Isopropanol</li><li>Diethylamin</li><li>Paraffin, dickflüssiges</li><li>Cocoylcaprylocaprat</li><li>Parfümöl Eucalyptus</li><li>Oleylalkohol</li><li>Wasser, gereinigtes</li><li>Carbomer</li><li>Butylhydroxytoluol</li><li>Propylenglycol</li><li>Ceteareth</li></ul>","descriptionShort":"Schmerzstillendes und entzündungshemmendes Arzneimittel","keywords":[],"unit":"g","unitQuantityString":"30","masterID":"16330656","indicationRanges":["Antirheumatika/ Antiphlogistika","Externa","Nichtsteroidale Antirheumatika/ Antiphlogistika"],"ratingCount":1436,"averageRating":4.82,"attributes":["apothekenpflichtig","Arzneimittel"],"prescriptionMedicine":false,"price":708,"listPrice":828,"netRetailPrice":610,"priceFormatted":"€ 7,08","listPriceFormatted":"€ 8,28","potency":"","ifap":"Schmerzstillendes und entzündungshemmendes Arzneimittel (nichtsteroidales Antiphlogistikum/Analgetikum). Anwendungsgebiet bei Jugendlichen über 14 Jahren und ErwachsenenZur lokalen, symptomatischen Behandlung von Schmerzen bei akuten Prellungen, Zerrungen oder Verstauchungen infolge eines stumpfen Traumas, z. B. Sport- und Unfallverletzungen. Bei Jugendlichen über 14 Jahren ist das Arzneimittel zur Kurzzeitbehandlung vorgesehen.","image":"https://cdn.shop-apotheke.com/images/voltaren-schmerzgel-forte-gel-D16330656-p1.jpg","hasImage":true,"deeplink":"arzneimittel/16330656/voltaren-schmerzgel-forte.htm","applicablePromotions":"","variantDetails":"16330656|16330656|14|30 g|708|arzneimittel/16330656/voltaren-schmerzgel-forte.htm|product.stockStatus.available","stockStatus":"","stockStatusReason":"product.stockStatus.available","inStock":true,"pricePerUnit":"23,60 € / 100 g","discountInPercent":14,"created":1594988230000,"lastChanged":1598602773000,"ratingsLink":"/produktbewertungen/16330656/voltaren-schmerzgel-forte.htm","ean":"","RPMultiplier":1,"ribbonText":"","primaryCategory":["Die Online-Apotheke für Deutschland","Die Online-Apotheke für Deutschland/Arzneimittel & weitere Produkte ","Die Online-Apotheke für Deutschland/Arzneimittel & weitere Produkte /Schmerzen","Die Online-Apotheke für Deutschland/Arzneimittel & weitere Produkte /Schmerzen/Äußerliche Anwendung","Die Online-Apotheke für Deutschland/Arzneimittel & weitere Produkte /Schmerzen/Äußerliche Anwendung/Schmerzgele & -salben"],"topsellerCountBucket":14,"filterAttributes":[],"filterRating":0.18,"packSize":"30 g","variants":[{"id":"16330656","text":"Schmerzstillendes und entzündungshemmendes Arzneimittel","webDetailPath":"arzneimittel/16330656/voltaren-schmerzgel-forte.htm","stock":"product.stockStatus.available","active":true,"discount":"14","retailPrice":"708","listPrice":"828","packSize":"30 g","nowProductGroup":"sameday_nextday","attributes":["apothekenpflichtig","Arzneimittel"],"productName":"Voltaren® Schmerzgel forte ","pricePerUnit":"23,60 € / 100 g","imageUrl":"https://cdn.shop-apotheke.com/images/voltaren-schmerzgel-forte-gel-D16330656-p1.jpg","pharmaForm":"Gel","ribbonText":"","RPMultiplier":"1"},{"id":"08628264","text":"Schmerzstillendes und entzündungshemmendes Arzneimittel","webDetailPath":"arzneimittel/8628264/voltaren-schmerzgel-forte.htm","stock":"product.stockStatus.available","active":false,"discount":"27","retailPrice":"1411","listPrice":"1940","packSize":"100 g","nowProductGroup":"none","attributes":["apothekenpflichtig","Arzneimittel"],"productName":"Voltaren® Schmerzgel forte","pricePerUnit":"14,11 € / 100 g","imageUrl":"https://cdn.shop-apotheke.com/images/voltaren-schmerzgel-forte-gel-D08628264-p1.jpg","pharmaForm":"Gel","ribbonText":"","RPMultiplier":"1"},{"id":"08628270","text":"Schmerzstillendes und entzündungshemmendes Arzneimittel","webDetailPath":"arzneimittel/8628270/voltaren-schmerzgel-forte.htm","stock":"product.stockStatus.available","active":false,"discount":"25","retailPrice":"1899","listPrice":"2533","packSize":"150 g","nowProductGroup":"sameday_nextday","attributes":["apothekenpflichtig","Arzneimittel","ABO"],"productName":"Voltaren® Schmerzgel forte","pricePerUnit":"12,66 € / 100 g","imageUrl":"https://cdn.shop-apotheke.com/images/voltaren-schmerzgel-forte-gel-D08628270-p1.jpg","pharmaForm":"Gel","ribbonText":"","RPMultiplier":"1"},{"id":"11240397","text":"Schmerzstillendes und entzündungshemmendes Arzneimittel","webDetailPath":"arzneimittel/11240397/voltaren-schmerzgel-forte.htm","stock":"product.stockStatus.available","active":false,"discount":"29","retailPrice":"2035","listPrice":"2856","packSize":"180 g","nowProductGroup":"sameday_nextday","attributes":["apothekenpflichtig","Arzneimittel","ABO"],"productName":"Voltaren® Schmerzgel forte","pricePerUnit":"11,31 € / 100 g","imageUrl":"https://cdn.shop-apotheke.com/images/voltaren-schmerzgel-forte-gel-D11240397-p1.jpg","pharmaForm":"Gel","ribbonText":"","RPMultiplier":"1"}],"master":true,"marketplace":false,"nowProductGroup":"sameday_nextday","notOnStockMessage":"","stockStatusColor":"green","categoryCodes":["csd00001","csd00269","csd00271","csd00274","csd00276","csd00281","csd00263","csd01121","csd03575","csd00283","csd03626","csd02283","csd02710","root","catalogs","main","brandshop","csd1603","csd04439","csd1604"],"prices":{"listPrice":{"amount":8.28,"net":7.14,"currency":"EUR","info":{"index":1,"text":"AVP / UVP"}},"retailPrice":{"amount":7.08,"net":6.1,"currency":"EUR","info":{"index":1,"text":"AVP / UVP"}}},"calculatedRatingRanking":4.74,"objectID":"16330656","_highlightResult":{"activeSubstances":[{"value":"Diclofenac diethylamin","matchLevel":"none","matchedWords":[]}]},"_rankingInfo":{"nbTypos":0,"firstMatchedWord":0,"proximityDistance":0,"userScore":74,"geoDistance":0,"geoPrecision":1,"nbExactWords":0,"words":1,"filters":1,"personalization":{"score":0,"rankingScore":0,"filtersScore":0,"textualRelevanceBucket":1,"initialPosition":26,"newPosition":26}}},{"brandCode":"csd2421","pzn":"12550409","productName":"Fenistil® Gel","secondaryCategories":["Allergie & Asthma","Allergische Hautreaktion","Landingpages","Erste Hilfe bei Fußballfieber: Sparen, Punkten, Jubeln!","Black Friday®","40% und mehr","Landingpages","Topseller Allergie","Produkt-Promotions CRM","SHOP APOTHEKE NOW! Allergie","Landingpages","Unsere Top-Produkte","Landingpages","NOW! Reiseapotheke","Landingpages","RedPoints Moonlight Aktion","Landingpages","Top Kunden Sommer","Landingpages","SHOP APOTHEKE NOW!","Healthy Deals","Healthy Deals Aktionsprodukte","Landingpages","Insektenschutz & Sonnenbrand","Landingpages","RedPoints Sommeraktion","Landingpages","Sommerliche Erfrischung","Healthy Deals","Healthy Deals Reiseapotheke","Landingpages","Healthy Deals App-Angebote"],"manufacturer":"GlaxoSmithKline Consumer Healthcare","pharmaForm":"Gel","brand":"Fenistil Gel","brandIntern":"Fenistil®","subBrandIntern":"","activeSubstances":["Dimetinden maleat"],"additiveSubstances":["Carbomer 980","Natriumhydroxid zur pH-Wert-Einstellung","Wasser, gereinigtes","Methyl-4-hydroxybenzoat","Propylenglycol"],"additiveSubstancesHtml":"<ul><li>Carbomer 980</li><li>Natriumhydroxid zur pH-Wert-Einstellung</li><li>Wasser, gereinigtes</li><li>Methyl-4-hydroxybenzoat</li><li>Propylenglycol</li></ul>","descriptionShort":"Bei Sonnenbrand, leichten Verbrennungen und Insektenstichen","keywords":[],"unit":"g","unitQuantityString":"30","masterID":"12550409","indicationRanges":["Antiallergika","Externa","Corticoidfreie"],"ratingCount":184,"averageRating":4.81,"attributes":["apothekenpflichtig","Arzneimittel"],"prescriptionMedicine":false,"price":584,"listPrice":826,"netRetailPrice":503,"priceFormatted":"€ 5,84","listPriceFormatted":"€ 8,26","potency":"","ifap":"Das Arzneimittel ist ein Antiallergikum zur lokalen Behandlung/Linderung des Juckreizes bei Hauterkrankungen, von Insektenstichen, leichten Verbrennungen und Sonnenbrand. AnwendungsgebietZur kurzfristigen Linderung von Juckreiz bei kleinen juckenden Insektenstichen auf intakter Haut. Juckreiz bei Hauterkrankungen wie chronischem Ekzem, Urtikaria und andere allergisch bedingte Hautkrankheiten; Verbrennungen 1. Grades, Sonnenbrand.","image":"https://cdn.shop-apotheke.com/images/fenistil-gel-gel-D12550409-p1.jpg","hasImage":true,"deeplink":"arzneimittel/12550409/fenistil-gel.htm","applicablePromotions":"","variantDetails":"12550409|12550409|29|30 g|584|arzneimittel/12550409/fenistil-gel.htm|product.stockStatus.available","stockStatus":"","stockStatusReason":"product.stockStatus.available","inStock":true,"pricePerUnit":"19,47 € / 100 g","discountInPercent":29,"created":1516180517000,"lastChanged":1598572317000,"ratingsLink":"/produktbewertungen/12550409/fenistil-gel.htm","ean":"","RPMultiplier":1,"ribbonText":"","primaryCategory":["Die Online-Apotheke für Deutschland","Die Online-Apotheke für Deutschland/Arzneimittel & weitere Produkte ","Die Online-Apotheke für Deutschland/Arzneimittel & weitere Produkte /Haus- & Reiseapotheke","Die Online-Apotheke für Deutschland/Arzneimittel & weitere Produkte /Haus- & Reiseapotheke/Reiseapotheke","Die Online-Apotheke für Deutschland/Arzneimittel & weitere Produkte /Haus- & Reiseapotheke/Reiseapotheke/Sonnenbrand, Insektenstichen & Allergien"],"topsellerCountBucket":14,"filterAttributes":[],"filterRating":0.19,"packSize":"30 g","variants":[{"id":"12550409","text":"Bei Sonnenbrand, leichten Verbrennungen und Insektenstichen","webDetailPath":"arzneimittel/12550409/fenistil-gel.htm","stock":"product.stockStatus.available","active":true,"discount":"29","retailPrice":"584","listPrice":"826","packSize":"30 g","nowProductGroup":"sameday_nextday","attributes":["apothekenpflichtig","Arzneimittel"],"productName":"Fenistil® Gel","pricePerUnit":"19,47 € / 100 g","imageUrl":"https://cdn.shop-apotheke.com/images/fenistil-gel-gel-D12550409-p1.jpg","pharmaForm":"Gel","ribbonText":"","RPMultiplier":"1"},{"id":"01669998","text":"Bei Sonnenbrand, leichten Verbrennungen und Insektenstichen","webDetailPath":"arzneimittel/1669998/fenistil-gel.htm","stock":"product.stockStatus.available","active":false,"discount":"35","retailPrice":"817","listPrice":"1253","packSize":"50 g","nowProductGroup":"sameday_nextday","attributes":["apothekenpflichtig","Arzneimittel"],"productName":"Fenistil® Gel","pricePerUnit":"16,34 € / 100 g","imageUrl":"https://cdn.shop-apotheke.com/images/fenistil-gel-gel-D01669998-p1.jpg","pharmaForm":"Gel","ribbonText":"","RPMultiplier":"1"},{"id":"02137619","text":"Bei Sonnenbrand, leichten Verbrennungen und Insektenstichen","webDetailPath":"arzneimittel/2137619/fenistil-gel.htm","stock":"product.stockStatus.available","active":false,"discount":"30","retailPrice":"1461","listPrice":"2099","packSize":"100 g","nowProductGroup":"sameday_nextday","attributes":["apothekenpflichtig","Arzneimittel"],"productName":"Fenistil® Gel","pricePerUnit":"14,61 € / 100 g","imageUrl":"https://cdn.shop-apotheke.com/images/fenistil-gel-gel-D02137619-p1.jpg","pharmaForm":"Gel","ribbonText":"","RPMultiplier":"1"}],"master":true,"marketplace":true,"nowProductGroup":"sameday_nextday","notOnStockMessage":"","stockStatusColor":"green","categoryCodes":["csd00001","csd00077","csd00116","csd01569","csd00010","csd00014","csd01434","csd02271","csd02272","root","catalogs","main","landingpages","csd03103","csd03290","csd03339","csd03987","csd03988","csd03340","csd03461","csd03476","csd03506","csd03516","csd02968","csd03569","csd03635","csd03715","csd04004","csd04394","csd04411"],"prices":{"listPrice":{"amount":8.26,"net":7.12,"currency":"EUR","info":{"index":1,"text":"AVP / UVP"}},"retailPrice":{"amount":5.84,"net":5.03,"currency":"EUR","info":{"index":1,"text":"AVP / UVP"}}},"calculatedRatingRanking":4.32,"objectID":"12550409","_highlightResult":{"activeSubstances":[{"value":"Dimetinden maleat","matchLevel":"none","matchedWords":[]}]},"_rankingInfo":{"nbTypos":0,"firstMatchedWord":0,"proximityDistance":0,"userScore":73,"geoDistance":0,"geoPrecision":1,"nbExactWords":0,"words":1,"filters":1,"personalization":{"score":0,"rankingScore":0,"filtersScore":0,"textualRelevanceBucket":1,"initialPosition":27,"newPosition":27}}},{"brandCode":"csd03698","pzn":"01126111","productName":"Paracetamol-ratiopharm® 500 mg","secondaryCategories":["ratiopharm","Schmerzen","Ratgeber","Fieberschmerz","Ratgeber","Reiseapotheke","RedPoints Aktionswoche - Gute Vorsätze","Beauty ","Landingpages","NOW! Erkältung","Landingpages","Flash Deal Erkaeltung","Landingpages","NOW! Schmerzen","Landingpages","NOW! Reiseapotheke","Black Friday®","Erkältungs-Produkte","Erkältung & Grippe","Fiebersenkende Schmerzmittel","Kopfschmerzen","Paracetamol","Landingpages","SHOP APOTHEKE NOW!","Landingpages","Top 100"],"manufacturer":"ratiopharm GmbH","pharmaForm":"Tabletten","brand":"ratiopharm","brandIntern":"ratiopharm","subBrandIntern":"Paracetamol-ratiopharm®","activeSubstances":["Paracetamol"],"additiveSubstances":["Magnesium stearat","Croscarmellose natrium","Siliciumdioxid, hochdisperses","Cellulose, mikrokristalline","Maisstärke","Povidon","Talkum"],"additiveSubstancesHtml":"<ul><li>Magnesium stearat</li><li>Croscarmellose natrium</li><li>Siliciumdioxid, hochdisperses</li><li>Cellulose, mikrokristalline</li><li>Maisstärke</li><li>Povidon</li><li>Talkum</li></ul>","descriptionShort":"Bei leichten bis mäßig starken Schmerzen und Fieber","keywords":[],"unit":"St","unitQuantityString":"20","masterID":"01126111","indicationRanges":["Analgetika/ Antipyretika","Antipyretisch wirkende Analgetika","Anilin-Derivate (Monopräparate)"],"ratingCount":252,"averageRating":4.81,"attributes":["apothekenpflichtig","Arzneimittel"],"prescriptionMedicine":false,"price":192,"listPrice":291,"netRetailPrice":166,"priceFormatted":"€ 1,92","listPriceFormatted":"€ 2,91","potency":"","ifap":"Das Präparat ist ein schmerzstillendes, fiebersenkendes Arzneimittel (Analgetikum und Antipyretikum). Die Tabletten werden angewendet zur symptomatischen Behandlung von leichten bis mäßig starken Schmerzen und/oder von Fieber.","image":"https://cdn.shop-apotheke.com/images/paracetamol-ratiopharm-500-mg-tabletten-D01126111-p1.jpg","hasImage":true,"deeplink":"arzneimittel/1126111/paracetamol-ratiopharm-500-mg.htm","applicablePromotions":"","variantDetails":"01126111|01126111|34|20 St|192|arzneimittel/1126111/paracetamol-ratiopharm-500-mg.htm|product.stockStatus.available","stockStatus":"","stockStatusReason":"product.stockStatus.available","inStock":true,"pricePerUnit":"","discountInPercent":34,"created":1445164800000,"lastChanged":1598568675000,"ratingsLink":"/produktbewertungen/1126111/paracetamol-ratiopharm-500-mg.htm","ean":"","RPMultiplier":1,"ribbonText":"","primaryCategory":["Die Online-Apotheke für Deutschland","Die Online-Apotheke für Deutschland/Arzneimittel & weitere Produkte ","Die Online-Apotheke für Deutschland/Arzneimittel & weitere Produkte /Schmerzen","Die Online-Apotheke für Deutschland/Arzneimittel & weitere Produkte /Schmerzen/Fiebersenkende Schmerzmittel"],"topsellerCountBucket":14,"filterAttributes":[],"filterRating":0.19,"packSize":"20 St","variants":[{"id":"01126111","text":"Bei leichten bis mäßig starken Schmerzen und Fieber","webDetailPath":"arzneimittel/1126111/paracetamol-ratiopharm-500-mg.htm","stock":"product.stockStatus.available","active":true,"discount":"34","retailPrice":"192","listPrice":"291","packSize":"20 St","nowProductGroup":"sameday_nextday","attributes":["apothekenpflichtig","Arzneimittel"],"productName":"Paracetamol-ratiopharm® 500 mg","pricePerUnit":"","imageUrl":"https://cdn.shop-apotheke.com/images/paracetamol-ratiopharm-500-mg-tabletten-D01126111-p1.jpg","pharmaForm":"Tabletten","ribbonText":"","RPMultiplier":"1"}],"master":true,"marketplace":true,"nowProductGroup":"sameday_nextday","notOnStockMessage":"","stockStatusColor":"green","categoryCodes":["csd00001","csd00269","csd00275","csd00061","csd01059","root","catalogs","main","themeshop","csd01140","csd01396","csd02394","csd02395","csd01434","csd02271","csd02862","landingpages","csd03040","csd03171","csd03172","csd03339","csd03341","csd03475","csd03476","csd03524","brandshop","csd2123","csd2144"],"prices":{"listPrice":{"amount":2.91,"net":2.51,"currency":"EUR","info":{"index":1,"text":"AVP / UVP"}},"retailPrice":{"amount":1.92,"net":1.66,"currency":"EUR","info":{"index":1,"text":"AVP / UVP"}}},"calculatedRatingRanking":4.43,"objectID":"01126111","_highlightResult":{"activeSubstances":[{"value":"Paracetamol","matchLevel":"none","matchedWords":[]}]},"_rankingInfo":{"nbTypos":0,"firstMatchedWord":0,"proximityDistance":0,"userScore":72,"geoDistance":0,"geoPrecision":1,"nbExactWords":0,"words":1,"filters":1,"personalization":{"score":0,"rankingScore":0,"filtersScore":0,"textualRelevanceBucket":1,"initialPosition":28,"newPosition":28}}},{"brandCode":"csd03758","pzn":"16599619","productName":"HERPES PATCHES RedCare ","secondaryCategories":["Markenshops","RedCare"],"manufacturer":"nu3 GmbH","pharmaForm":"Pflaster","brand":"RedCare","brandIntern":"RedCare von Shop Apotheke","subBrandIntern":"","activeSubstances":[],"additiveSubstances":[],"additiveSubstancesHtml":"","descriptionShort":"Zur effektiven Behandlung von Lippenherpes ","keywords":["Herpes","Herpespatch","Herpespflaser","Lippenherpes","Herpesbläschen","Lippenherpesbläschen","Herpesbläschen"],"unit":"St","unitQuantityString":"12","masterID":"16599619","indicationRanges":[],"ratingCount":3,"averageRating":5,"attributes":[],"prescriptionMedicine":false,"price":679,"listPrice":819,"netRetailPrice":585,"priceFormatted":"€ 6,79","listPriceFormatted":"€ 8,19","potency":"","ifap":"","image":"https://cdn.shop-apotheke.com/images/herpes-patches-redcare-pflaster-D16599619-p1.jpg","hasImage":true,"deeplink":"arzneimittel/16599619/herpes-patches-redcare.htm","applicablePromotions":"promotion=Extra RedPoints","variantDetails":"16599619|16599619|17|12 St|679|arzneimittel/16599619/herpes-patches-redcare.htm|product.stockStatus.available","stockStatus":"","stockStatusReason":"product.stockStatus.available","inStock":true,"pricePerUnit":"","discountInPercent":17,"created":1594918222000,"lastChanged":1598572986000,"ratingsLink":"/produktbewertungen/16599619/herpes-patches-redcare.htm","ean":"","RPMultiplier":15,"ribbonText":"","primaryCategory":["Die Online-Apotheke für Deutschland","Die Online-Apotheke für Deutschland/Arzneimittel & weitere Produkte ","Die Online-Apotheke für Deutschland/Arzneimittel & weitere Produkte /Haut, Haare & Nägel","Die Online-Apotheke für Deutschland/Arzneimittel & weitere Produkte /Haut, Haare & Nägel/Haut","Die Online-Apotheke für Deutschland/Arzneimittel & weitere Produkte /Haut, Haare & Nägel/Haut/Herpes"],"topsellerCountBucket":13,"filterAttributes":[],"filterRating":0,"packSize":"12 St","variants":[{"id":"16599619","text":"Zur effektiven Behandlung von Lippenherpes ","webDetailPath":"arzneimittel/16599619/herpes-patches-redcare.htm","stock":"product.stockStatus.available","active":true,"discount":"17","retailPrice":"679","listPrice":"819","packSize":"12 St","nowProductGroup":"nextday","attributes":[],"productName":"HERPES PATCHES RedCare ","pricePerUnit":"","imageUrl":"https://cdn.shop-apotheke.com/images/herpes-patches-redcare-pflaster-D16599619-p1.jpg","pharmaForm":"Pflaster","ribbonText":"","RPMultiplier":"15"}],"master":true,"marketplace":false,"nowProductGroup":"nextday","notOnStockMessage":"","stockStatusColor":"green","categoryCodes":["csd00001","csd00144","csd00158","csd00161","root","catalogs","main","brandshop","csd03679"],"prices":{"listPrice":{"amount":8.19,"net":7.06,"currency":"EUR","info":{"index":1,"text":"AVP / UVP"}},"retailPrice":{"amount":6.79,"net":5.85,"currency":"EUR","info":{"index":1,"text":"AVP / UVP"}}},"calculatedRatingRanking":2.64,"objectID":"16599619","_rankingInfo":{"nbTypos":0,"firstMatchedWord":0,"proximityDistance":0,"userScore":71,"geoDistance":0,"geoPrecision":1,"nbExactWords":0,"words":1,"filters":1,"personalization":{"score":0,"rankingScore":0,"filtersScore":0,"textualRelevanceBucket":1,"initialPosition":29,"newPosition":29}}},{"brandCode":"","pzn":"08095695","productName":"Erkältungsset","secondaryCategories":["Black Friday®","40% und mehr","Black Friday®","Super Deals","Landingpages","Topseller Erkältung","Black Friday®","Erkältungs-Produkte","Black Friday®","Black Friday RedPoints","Landingpages","Ihre Adventsknüller am Samstag","Landingpages","Gesund durch den Karneval","Landingpages","SHOP APOTHEKE NOW!","Landingpages","Top 100"],"manufacturer":"Diverse","pharmaForm":"Set","brand":"","brandIntern":"","subBrandIntern":"","activeSubstances":[],"additiveSubstances":[],"additiveSubstancesHtml":"","descriptionShort":"Zur Linderung von Erkältungsbeschwerden","keywords":[],"unit":"St","unitQuantityString":"1","masterID":"08095695","indicationRanges":[],"ratingCount":22,"averageRating":5,"attributes":["apothekenpflichtig","Arzneimittel"],"prescriptionMedicine":false,"price":1656,"listPrice":2863,"netRetailPrice":1428,"priceFormatted":"€ 16,56","listPriceFormatted":"€ 28,63","potency":"","ifap":"","image":"https://cdn.shop-apotheke.com/images/erkaeltungsset-set-D08095695-p1.jpg","hasImage":true,"deeplink":"arzneimittel/8095695/erkaeltungsset.htm","applicablePromotions":"promotion=Sparsets","variantDetails":"08095695|08095695|42|1 St|1656|arzneimittel/8095695/erkaeltungsset.htm|product.stockStatus.available","stockStatus":"","stockStatusReason":"product.stockStatus.available","inStock":true,"pricePerUnit":"","discountInPercent":42,"created":1445172609000,"lastChanged":1598570910000,"ratingsLink":"/produktbewertungen/8095695/erkaeltungsset.htm","ean":"","RPMultiplier":1,"ribbonText":"Sparset","primaryCategory":["Die Online-Apotheke für Deutschland","Die Online-Apotheke für Deutschland/Arzneimittel & weitere Produkte ","Die Online-Apotheke für Deutschland/Arzneimittel & weitere Produkte /Erkältung & Grippe","Die Online-Apotheke für Deutschland/Arzneimittel & weitere Produkte /Erkältung & Grippe/% Erkältungs-Setangebote %"],"topsellerCountBucket":13,"filterAttributes":[],"filterRating":0,"packSize":"1 St","variants":[{"id":"08095695","text":"Zur Linderung von Erkältungsbeschwerden","webDetailPath":"arzneimittel/8095695/erkaeltungsset.htm","stock":"product.stockStatus.available","active":true,"discount":"42","retailPrice":"1656","listPrice":"2863","packSize":"1 St","nowProductGroup":"nextday","attributes":["apothekenpflichtig","Arzneimittel"],"productName":"Erkältungsset","pricePerUnit":"","imageUrl":"https://cdn.shop-apotheke.com/images/erkaeltungsset-set-D08095695-p1.jpg","pharmaForm":"Set","ribbonText":"Sparset","RPMultiplier":"1"}],"master":true,"marketplace":true,"nowProductGroup":"nextday","notOnStockMessage":"","stockStatusColor":"green","categoryCodes":["csd00001","csd00061","csd00062","csd01434","csd02271","csd02272","csd02862","csd02863","root","catalogs","main","landingpages","csd03040","csd03157","csd03339","csd03574","csd03671","csd03716"],"prices":{"listPrice":{"amount":28.63,"net":24.68,"currency":"EUR","info":{"index":1,"text":"AVP / UVP"}},"retailPrice":{"amount":16.56,"net":14.28,"currency":"EUR","info":{"index":1,"text":"AVP / UVP"}}},"calculatedRatingRanking":3.26,"objectID":"08095695","_rankingInfo":{"nbTypos":0,"firstMatchedWord":0,"proximityDistance":0,"userScore":70,"geoDistance":0,"geoPrecision":1,"nbExactWords":0,"words":1,"filters":1,"personalization":{"score":0,"rankingScore":0,"filtersScore":0,"textualRelevanceBucket":1,"initialPosition":30,"newPosition":30}}},{"brandCode":"csd01837","pzn":"01338066","productName":"Loperamid akut - 1A Pharma®","secondaryCategories":["1A Pharma","Magen & Darm","Black Friday®","40% und mehr","1A Pharma","Reise","Landingpages","NOW! Reiseapotheke","Black Friday®","Wohl durch den Winter","Landingpages","100 Topseller","Landingpages","SHOP APOTHEKE NOW!","Healthy Deals","Healthy Deals Gutes Bauchgefühl","Landingpages","Healthy Deals App-Angebote"],"manufacturer":"1 A Pharma GmbH","pharmaForm":"Hartkapseln","brand":"Loperamid","brandIntern":"1 A Pharma","subBrandIntern":"Loperamid akut - 1A Pharma®","activeSubstances":["Loperamid hydrochlorid"],"additiveSubstances":["Patentblau V","Eisen(II,III)-oxid","Eisen(III)-oxidhydrat, schwarz","Magnesium stearat (pflanzlich)","Gelatine","Maisstärke","Lactose-1-Wasser","Titandioxid","Talkum"],"additiveSubstancesHtml":"<ul><li>Patentblau V</li><li>Eisen(II,III)-oxid</li><li>Eisen(III)-oxidhydrat, schwarz</li><li>Magnesium stearat (pflanzlich)</li><li>Gelatine</li><li>Maisstärke</li><li>Lactose-1-Wasser</li><li>Titandioxid</li><li>Talkum</li></ul>","descriptionShort":"Zur symptomatischen Behandlung von akuten Durchfällen","keywords":[],"unit":"St","unitQuantityString":"10","masterID":"01338066","indicationRanges":["Magen-Darm-wirksame Pharmaka","Motilitätsbeeinflussende Mittel","Motilitätshemmende"],"ratingCount":85,"averageRating":4.92,"attributes":["apothekenpflichtig","Arzneimittel"],"prescriptionMedicine":false,"price":137,"listPrice":255,"netRetailPrice":118,"priceFormatted":"€ 1,37","listPriceFormatted":"€ 2,55","potency":"","ifap":"Das Arzneimittel enthält den Wirkstoff Loperamidhydrochlorid. Loperamidhydrochlorid ist ein Mittel gegen Durchfall. Zur symptomatischen Behandlung von akuten Durchfällen für Jugendliche ab 12 Jahren und Erwachsene, sofern keine ursächliche Therapie zur Verfügung steht. Eine über 2 Tage hinausgehende Behandlung mit Loperamid darf nur unter ärztlicher Verordnung und Verlaufsbeobachtung erfolgen.","image":"https://cdn.shop-apotheke.com/images/loperamid-akut-1a-pharma-hartkapseln-D01338066-p1.jpg","hasImage":true,"deeplink":"arzneimittel/1338066/loperamid-akut-1a-pharma.htm","applicablePromotions":"","variantDetails":"01338066|01338066|46|10 St|137|arzneimittel/1338066/loperamid-akut-1a-pharma.htm|product.stockStatus.available","stockStatus":"","stockStatusReason":"product.stockStatus.available","inStock":true,"pricePerUnit":"","discountInPercent":46,"created":1445163932000,"lastChanged":1598568736000,"ratingsLink":"/produktbewertungen/1338066/loperamid-akut-1a-pharma.htm","ean":"","RPMultiplier":1,"ribbonText":"","primaryCategory":["Die Online-Apotheke für Deutschland","Die Online-Apotheke für Deutschland/Arzneimittel & weitere Produkte ","Die Online-Apotheke für Deutschland/Arzneimittel & weitere Produkte /Magen & Darm","Die Online-Apotheke für Deutschland/Arzneimittel & weitere Produkte /Magen & Darm/Durchfall & Elektrolytersatz"],"topsellerCountBucket":13,"filterAttributes":[],"filterRating":0.08,"packSize":"10 St","variants":[{"id":"01338066","text":"Zur symptomatischen Behandlung von akuten Durchfällen","webDetailPath":"arzneimittel/1338066/loperamid-akut-1a-pharma.htm","stock":"product.stockStatus.available","active":true,"discount":"46","retailPrice":"137","listPrice":"255","packSize":"10 St","nowProductGroup":"sameday_nextday","attributes":["apothekenpflichtig","Arzneimittel"],"productName":"Loperamid akut - 1A Pharma®","pricePerUnit":"","imageUrl":"https://cdn.shop-apotheke.com/images/loperamid-akut-1a-pharma-hartkapseln-D01338066-p1.jpg","pharmaForm":"Hartkapseln","ribbonText":"","RPMultiplier":"1"}],"master":true,"marketplace":true,"nowProductGroup":"sameday_nextday","notOnStockMessage":"","stockStatusColor":"green","categoryCodes":["csd00001","csd00219","csd00222","csd01434","csd02271","csd02272","root","catalogs","main","landingpages","csd03339","csd03344","brandshop","csd1720","csd03405","csd03461","csd03476","csd02968","csd03568","csd03668","csd1726"],"prices":{"listPrice":{"amount":2.55,"net":2.2,"currency":"EUR","info":{"index":1,"text":"AVP / UVP"}},"retailPrice":{"amount":1.37,"net":1.18,"currency":"EUR","info":{"index":1,"text":"AVP / UVP"}}},"calculatedRatingRanking":4.02,"objectID":"01338066","_highlightResult":{"activeSubstances":[{"value":"Loperamid hydrochlorid","matchLevel":"none","matchedWords":[]}]},"_rankingInfo":{"nbTypos":0,"firstMatchedWord":0,"proximityDistance":0,"userScore":69,"geoDistance":0,"geoPrecision":1,"nbExactWords":0,"words":1,"filters":1,"personalization":{"score":0,"rankingScore":0,"filtersScore":0,"textualRelevanceBucket":1,"initialPosition":31,"newPosition":31}}},{"brandCode":"csd2910","pzn":"04818401","productName":"Sterillium® classic pure","secondaryCategories":["Hausapotheke","Desinfektionsmittel","Black Friday®","50% und mehr","Krankenpflege","Desinfektionsmittel","Landingpages","NOW! Reiseapotheke","Erkältung & Grippe","Desinfektion","Black Friday®","Erkältungs-Produkte"],"manufacturer":"PAUL HARTMANN AG","pharmaForm":"Lösung","brand":"Sterillium","brandIntern":"HARTMANN","subBrandIntern":"Sterillium®","activeSubstances":["Isopropanol","Propan-1-ol","Mecetronium etilsulfat"],"additiveSubstances":["Myristylalkohol","Wasser, gereinigtes","Glycerol 85%"],"additiveSubstancesHtml":"<ul><li>Myristylalkohol</li><li>Wasser, gereinigtes</li><li>Glycerol 85%</li></ul>","descriptionShort":"Zur hygienischen und chirurgischen Händedesinfektion","keywords":[],"unit":"ml","unitQuantityString":"1000","masterID":"04817436","indicationRanges":["Antiseptika/ Desinfektionsmittel","Tensidhaltige","Sonstige"],"ratingCount":39,"averageRating":4.9,"attributes":["Arzneimittel"],"prescriptionMedicine":false,"price":1548,"listPrice":1945,"netRetailPrice":1334,"priceFormatted":"€ 15,48","listPriceFormatted":"€ 19,45","potency":"","ifap":"","image":"https://cdn.shop-apotheke.com/images/sterillium-classic-pure-loesung-D04818401-p1.jpg","hasImage":true,"deeplink":"arzneimittel/4818401/sterillium-classic-pure.htm","applicablePromotions":"","variantDetails":"04817436|04818401|20|1000 ml|1548|arzneimittel/4818401/sterillium-classic-pure.htm|product.stockStatus.available","stockStatus":"","stockStatusReason":"product.stockStatus.available","inStock":true,"pricePerUnit":"15,48 € / l","discountInPercent":20,"created":1445163346000,"lastChanged":1598569934000,"ratingsLink":"/produktbewertungen/4818401/sterillium-classic-pure.htm","ean":"4031678034772","RPMultiplier":1,"ribbonText":"","primaryCategory":["Die Online-Apotheke für Deutschland","Die Online-Apotheke für Deutschland/Arzneimittel & weitere Produkte ","Die Online-Apotheke für Deutschland/Arzneimittel & weitere Produkte /Haus- & Reiseapotheke","Die Online-Apotheke für Deutschland/Arzneimittel & weitere Produkte /Haus- & Reiseapotheke/Erste Hilfe & Verbandmittel","Die Online-Apotheke für Deutschland/Arzneimittel & weitere Produkte /Haus- & Reiseapotheke/Erste Hilfe & Verbandmittel/Haut- & Wunddesinfektion"],"topsellerCountBucket":13,"filterAttributes":[],"filterRating":0.1,"packSize":"1000 ml","variants":[{"id":"04818418","text":"Zur hygienischen und chirurgischen Händedesinfektion","webDetailPath":"arzneimittel/4818418/sterillium-classic-pure.htm","stock":"product.stockStatus.nl","active":false,"discount":"23","retailPrice":"6920","listPrice":"8988","packSize":"5 l","nowProductGroup":"none","attributes":["Arzneimittel"],"productName":"Sterillium® classic pure","pricePerUnit":"13,84 € / l","imageUrl":"https://cdn.shop-apotheke.com/images/sterillium-classic-pure-loesung-D04818418-p1.jpg","pharmaForm":"Lösung","ribbonText":"","RPMultiplier":"1"},{"id":"04817436","text":"Zur hygienischen und chirurgischen Händedesinfektion","webDetailPath":"arzneimittel/4817436/sterillium-classic-pure.htm","stock":"product.stockStatus.nl","active":true,"discount":"6","retailPrice":"389","listPrice":"414","packSize":"100 ml","nowProductGroup":"none","attributes":["Arzneimittel"],"productName":"Sterillium® classic pure","pricePerUnit":"3,89 € / 100 ml","imageUrl":"https://cdn.shop-apotheke.com/images/sterillium-classic-pure-loesung-D04817436-p1.jpg","pharmaForm":"Lösung","ribbonText":"","RPMultiplier":"1"},{"id":"04817465","text":"Zur hygienischen und chirurgischen Händedesinfektion","webDetailPath":"arzneimittel/4817465/sterillium-classic-pure.htm","stock":"product.stockStatus.available","active":false,"discount":"26","retailPrice":"919","listPrice":"1248","packSize":"500 ml","nowProductGroup":"sameday_nextday","attributes":["Arzneimittel"],"productName":"Sterillium® classic pure","pricePerUnit":"18,38 € / l","imageUrl":"https://cdn.shop-apotheke.com/images/sterillium-classic-pure-loesung-D04817465-p1.jpg","pharmaForm":"Lösung","ribbonText":"","RPMultiplier":"1"},{"id":"04818401","text":"Zur hygienischen und chirurgischen Händedesinfektion","webDetailPath":"arzneimittel/4818401/sterillium-classic-pure.htm","stock":"product.stockStatus.available","active":false,"discount":"20","retailPrice":"1548","listPrice":"1945","packSize":"1000 ml","nowProductGroup":"sameday_nextday","attributes":["Arzneimittel"],"productName":"Sterillium® classic pure","pricePerUnit":"15,48 € / l","imageUrl":"https://cdn.shop-apotheke.com/images/sterillium-classic-pure-loesung-D04818401-p1.jpg","pharmaForm":"Lösung","ribbonText":"","RPMultiplier":"1"}],"master":false,"marketplace":true,"nowProductGroup":"sameday_nextday","notOnStockMessage":"","stockStatusColor":"green","categoryCodes":["csd00001","csd00077","csd00078","csd00092","csd02753","csd00114","csd01434","csd02271","csd02860","csd02862","csd00195","csd03217","root","catalogs","main","landingpages","csd03476","csd00061","csd03649"],"prices":{"listPrice":{"amount":19.45,"net":16.77,"currency":"EUR","info":{"index":1,"text":"AVP / UVP"}},"retailPrice":{"amount":15.48,"net":13.34,"currency":"EUR","info":{"index":1,"text":"AVP / UVP"}}},"calculatedRatingRanking":3.55,"objectID":"04818401","_highlightResult":{"activeSubstances":[{"value":"Isopropanol","matchLevel":"none","matchedWords":[]},{"value":"Propan-1-ol","matchLevel":"none","matchedWords":[]},{"value":"Mecetronium etilsulfat","matchLevel":"none","matchedWords":[]}]},"_rankingInfo":{"nbTypos":0,"firstMatchedWord":0,"proximityDistance":0,"userScore":68,"geoDistance":0,"geoPrecision":1,"nbExactWords":0,"words":1,"filters":1,"personalization":{"score":0,"rankingScore":0,"filtersScore":0,"textualRelevanceBucket":1,"initialPosition":32,"newPosition":32}}},{"brandCode":"csd01616","pzn":"07754334","productName":"Ibu 400 akut - 1 A Pharma®","secondaryCategories":["1A Pharma","Schmerzen und Fieber, Erkältung","Landingpages","Topseller Reiseapotheke","Schmerzen","Zahnschmerzen","Erkältung & Grippe","Fiebersenkende Schmerzmittel","Kopfschmerzen","Ibuprofen"],"manufacturer":"1 A Pharma GmbH","pharmaForm":"Filmtabletten","brand":"IBU 400","brandIntern":"1 A Pharma","subBrandIntern":"Ibu 400 akut - 1 A Pharma®","activeSubstances":["Ibuprofen"],"additiveSubstances":["Magnesium stearat","Croscarmellose natrium","Hypromellose","Siliciumdioxid, hochdisperses","Cellulose, mikrokristalline","Macrogol 400","Titandioxid","Talkum"],"additiveSubstancesHtml":"<ul><li>Magnesium stearat</li><li>Croscarmellose natrium</li><li>Hypromellose</li><li>Siliciumdioxid, hochdisperses</li><li>Cellulose, mikrokristalline</li><li>Macrogol 400</li><li>Titandioxid</li><li>Talkum</li></ul>","descriptionShort":"Bei leichten bis mäßig starken Schmerzen und Fieber","keywords":[],"unit":"St","unitQuantityString":"30","masterID":"02013194","indicationRanges":["Analgetika/ Antipyretika","Antipyretisch wirkende Analgetika","Arylpropionsäure-Derivate (Monopräparate)"],"ratingCount":223,"averageRating":4.88,"attributes":["apothekenpflichtig","Arzneimittel"],"prescriptionMedicine":false,"price":417,"listPrice":601,"netRetailPrice":359,"priceFormatted":"€ 4,17","listPriceFormatted":"€ 6,01","potency":"","ifap":"Das Arzneimittelist ein entzündungshemmendes und schmerzstillendes Arzneimittel (nicht-steroidales Antiphlogistikum/Analgetikum). Es enthält den Wirkstoff Ibuprofen. Das Arzneimittel wird angewendet beileichten bis mäßig starken Schmerzen wie Kopfschmerzen, Zahnschmerzen, Regelschmerzen; Fieber.","image":"https://cdn.shop-apotheke.com/images/ibu-400-akut-1-a-pharma-filmtabletten-D07754334-p1.jpg","hasImage":true,"deeplink":"arzneimittel/7754334/ibu-400-akut-1-a-pharma.htm","applicablePromotions":"","variantDetails":"02013194|07754334|31|30 St|417|arzneimittel/7754334/ibu-400-akut-1-a-pharma.htm|product.stockStatus.available","stockStatus":"","stockStatusReason":"product.stockStatus.available","inStock":true,"pricePerUnit":"","discountInPercent":31,"created":1445168432000,"lastChanged":1598591589000,"ratingsLink":"/produktbewertungen/7754334/ibu-400-akut-1-a-pharma.htm","ean":"","RPMultiplier":1,"ribbonText":"","primaryCategory":["Die Online-Apotheke für Deutschland","Die Online-Apotheke für Deutschland/Arzneimittel & weitere Produkte ","Die Online-Apotheke für Deutschland/Arzneimittel & weitere Produkte /Schmerzen","Die Online-Apotheke für Deutschland/Arzneimittel & weitere Produkte /Schmerzen/Fiebersenkende Schmerzmittel"],"topsellerCountBucket":13,"filterAttributes":[],"filterRating":0.12,"packSize":"30 St","variants":[{"id":"02013194","text":"Bei leichten bis mäßig starken Schmerzen und Fieber","webDetailPath":"arzneimittel/2013194/ibu-400-akut-1-a-pharma.htm","stock":"product.stockStatus.available","active":true,"discount":"24","retailPrice":"186","listPrice":"244","packSize":"10 St","nowProductGroup":"sameday_nextday","attributes":["apothekenpflichtig","Arzneimittel"],"productName":"Ibu 400 akut - 1 A Pharma®","pricePerUnit":"","imageUrl":"https://cdn.shop-apotheke.com/images/ibu-400-akut-1-a-pharma-filmtabletten-D02013194-p1.jpg","pharmaForm":"Filmtabletten","ribbonText":"","RPMultiplier":"1"},{"id":"02013219","text":"Bei leichten bis mäßig starken Schmerzen und Fieber","webDetailPath":"arzneimittel/2013219/ibu-400-akut-1-a-pharma.htm","stock":"product.stockStatus.available","active":false,"discount":"20","retailPrice":"295","listPrice":"370","packSize":"20 St","nowProductGroup":"sameday_nextday","attributes":["apothekenpflichtig","Arzneimittel"],"productName":"Ibu 400 akut - 1 A Pharma®","pricePerUnit":"","imageUrl":"https://cdn.shop-apotheke.com/images/ibu-400-akut-1-a-pharma-filmtabletten-D02013219-p1.jpg","pharmaForm":"Filmtabletten","ribbonText":"","RPMultiplier":"1"},{"id":"07754334","text":"Bei leichten bis mäßig starken Schmerzen und Fieber","webDetailPath":"arzneimittel/7754334/ibu-400-akut-1-a-pharma.htm","stock":"product.stockStatus.available","active":false,"discount":"31","retailPrice":"417","listPrice":"601","packSize":"30 St","nowProductGroup":"sameday_nextday","attributes":["apothekenpflichtig","Arzneimittel"],"productName":"Ibu 400 akut - 1 A Pharma®","pricePerUnit":"","imageUrl":"https://cdn.shop-apotheke.com/images/ibu-400-akut-1-a-pharma-filmtabletten-D07754334-p1.jpg","pharmaForm":"Filmtabletten","ribbonText":"","RPMultiplier":"1"},{"id":"03045316","text":"Bei leichten bis mäßig starken Schmerzen und Fieber","webDetailPath":"arzneimittel/3045316/ibu-400-akut-1-a-pharma.htm","stock":"product.stockStatus.available","active":false,"discount":"31","retailPrice":"632","listPrice":"921","packSize":"50 St","nowProductGroup":"sameday_nextday","attributes":["apothekenpflichtig","Arzneimittel"],"productName":"Ibu 400 akut - 1 A Pharma®","pricePerUnit":"","imageUrl":"https://cdn.shop-apotheke.com/images/ibu-400-akut-1-a-pharma-filmtabletten-D03045316-p1.jpg","pharmaForm":"Filmtabletten","ribbonText":"","RPMultiplier":"1"}],"master":false,"marketplace":false,"nowProductGroup":"sameday_nextday","notOnStockMessage":"","stockStatusColor":"green","categoryCodes":["csd00001","csd00269","csd00275","csd00282","csd00061","csd01059","csd02394","csd02397","root","catalogs","main","landingpages","csd03039","brandshop","csd1720","csd1729"],"prices":{"listPrice":{"amount":6.01,"net":5.18,"currency":"EUR","info":{"index":1,"text":"AVP / UVP"}},"retailPrice":{"amount":4.17,"net":3.59,"currency":"EUR","info":{"index":1,"text":"AVP / UVP"}}},"calculatedRatingRanking":4.44,"objectID":"07754334","_highlightResult":{"activeSubstances":[{"value":"Ibuprofen","matchLevel":"none","matchedWords":[]}]},"_rankingInfo":{"nbTypos":0,"firstMatchedWord":0,"proximityDistance":0,"userScore":67,"geoDistance":0,"geoPrecision":1,"nbExactWords":0,"words":1,"filters":1,"personalization":{"score":0,"rankingScore":0,"filtersScore":0,"textualRelevanceBucket":1,"initialPosition":33,"newPosition":33}}},{"brandCode":"csd04367","pzn":"10043648","productName":"Biolectra® Magnesium 400mg ultra Kapseln","secondaryCategories":["Magnesiummangel","Kapseln","Black Friday®","30% und mehr","Sportlernährstoffe","Magnesium","Geschenke Themenwelt","Gesundheit schenken","UNSERE ADVENTS-ÜBERASCHUNG EXKLUSIV FÜR UNSERE BESTEN KUNDEN.","Advent 3","Landingpages","Abo Produkte"],"manufacturer":"HERMES Arzneimittel GmbH","pharmaForm":"Kapseln","brand":"Magnesium","brandIntern":"Biolectra®","subBrandIntern":"Magnesium ultra","activeSubstances":["Magnesiumoxid"],"additiveSubstances":["Hypromellose","Stärke, modifiziert","Macrogol"],"additiveSubstancesHtml":"<ul><li>Hypromellose</li><li>Stärke, modifiziert</li><li>Macrogol</li></ul>","descriptionShort":"Zur täglichen Magnesium-Versorgung bei erhöhtem Bedarf","keywords":["magnesium","sport","muskelschmerzen","muskel","muskelverspannung","muskelverspannungen","wadenkrämpfe","muskelkrämpfe","muskeln","muskelkater"],"unit":"St","unitQuantityString":"100","masterID":"10043625","indicationRanges":["Mineralstoffe (Therapie und Substitution)","Magnesium-Präparate","Magnesium-Salze, oral"],"ratingCount":93,"averageRating":4.86,"attributes":["Lebensmittel","Nahrungsergänzungsmittel","ABO"],"prescriptionMedicine":false,"price":2826,"listPrice":3680,"netRetailPrice":2691,"priceFormatted":"€ 28,26","listPriceFormatted":"€ 36,80","potency":"","ifap":"","image":"https://cdn.shop-apotheke.com/images/biolectra-magnesium-400mg-ultra-kapseln-kapseln-D10043648-p1.jpg","hasImage":true,"deeplink":"arzneimittel/10043648/biolectra-magnesium-400mg-ultra-kapseln.htm","applicablePromotions":"","variantDetails":"10043625|10043648|23|100 St|2826|arzneimittel/10043648/biolectra-magnesium-400mg-ultra-kapseln.htm|product.stockStatus.available","stockStatus":"","stockStatusReason":"product.stockStatus.available","inStock":true,"pricePerUnit":"","discountInPercent":23,"created":1445163945000,"lastChanged":1598591586000,"ratingsLink":"/produktbewertungen/10043648/biolectra-magnesium-400mg-ultra-kapseln.htm","ean":"4058900074771","RPMultiplier":1,"ribbonText":"","primaryCategory":["Die Online-Apotheke für Deutschland","Die Online-Apotheke für Deutschland/Arzneimittel & weitere Produkte ","Die Online-Apotheke für Deutschland/Arzneimittel & weitere Produkte /Vitamine & Mineralstoffe","Die Online-Apotheke für Deutschland/Arzneimittel & weitere Produkte /Vitamine & Mineralstoffe/Mineralstoffe & Spurenelemente","Die Online-Apotheke für Deutschland/Arzneimittel & weitere Produkte /Vitamine & Mineralstoffe/Mineralstoffe & Spurenelemente/Magnesium"],"topsellerCountBucket":13,"filterAttributes":["Lebensmittel","Nahrungsergänzungsmittel","ABO"],"filterRating":0.14,"packSize":"100 St","variants":[{"id":"10043625","text":"Zur täglichen Magnesium-Versorgung bei erhöhtem Bedarf","webDetailPath":"arzneimittel/10043625/biolectra-magnesium-400-mg-ultra-kapseln.htm","stock":"product.stockStatus.available","active":true,"discount":"23","retailPrice":"814","listPrice":"1055","packSize":"20 St","nowProductGroup":"sameday_nextday","attributes":["Lebensmittel","Nahrungsergänzungsmittel"],"productName":"Biolectra® Magnesium 400 mg ultra Kapseln","pricePerUnit":"","imageUrl":"https://cdn.shop-apotheke.com/images/biolectra-magnesium-400-mg-ultra-kapseln-kapseln-D10043625-p1.jpg","pharmaForm":"Kapseln","ribbonText":"","RPMultiplier":"1"},{"id":"10043631","text":"Zur täglichen Magnesium-Versorgung bei erhöhtem Bedarf","webDetailPath":"arzneimittel/10043631/biolectra-magnesium-400mg-ultra-kapseln.htm","stock":"product.stockStatus.available","active":false,"discount":"20","retailPrice":"1482","listPrice":"1850","packSize":"40 St","nowProductGroup":"sameday_nextday","attributes":["Lebensmittel","Nahrungsergänzungsmittel"],"productName":"Biolectra® Magnesium 400mg ultra Kapseln","pricePerUnit":"","imageUrl":"https://cdn.shop-apotheke.com/images/biolectra-magnesium-400mg-ultra-kapseln-kapseln-D10043631-p1.jpg","pharmaForm":"Kapseln","ribbonText":"","RPMultiplier":"1"},{"id":"10043648","text":"Zur täglichen Magnesium-Versorgung bei erhöhtem Bedarf","webDetailPath":"arzneimittel/10043648/biolectra-magnesium-400mg-ultra-kapseln.htm","stock":"product.stockStatus.available","active":false,"discount":"23","retailPrice":"2826","listPrice":"3680","packSize":"100 St","nowProductGroup":"sameday_nextday","attributes":["Lebensmittel","Nahrungsergänzungsmittel","ABO"],"productName":"Biolectra® Magnesium 400mg ultra Kapseln","pricePerUnit":"","imageUrl":"https://cdn.shop-apotheke.com/images/biolectra-magnesium-400mg-ultra-kapseln-kapseln-D10043648-p1.jpg","pharmaForm":"Kapseln","ribbonText":"","RPMultiplier":"1"}],"master":false,"marketplace":true,"nowProductGroup":"sameday_nextday","notOnStockMessage":"","stockStatusColor":"green","categoryCodes":["csd00001","csd00324","csd00328","csd00336","csd02764","csd02770","csd01458","root","catalogs","main","themeshop","csd02502","csd02504","csd01434","csd02271","csd02859","csd03575","csd00283","csd03623","csd03631","landingpages","csd03646","csd03644","csd03692"],"prices":{"listPrice":{"amount":36.8,"net":35.05,"currency":"EUR","info":{"index":1,"text":"AVP / UVP"}},"retailPrice":{"amount":28.26,"net":26.91,"currency":"EUR","info":{"index":1,"text":"AVP / UVP"}}},"calculatedRatingRanking":4.03,"objectID":"10043648","_highlightResult":{"activeSubstances":[{"value":"Magnesiumoxid","matchLevel":"none","matchedWords":[]}]},"_rankingInfo":{"nbTypos":0,"firstMatchedWord":0,"proximityDistance":0,"userScore":66,"geoDistance":0,"geoPrecision":1,"nbExactWords":0,"words":1,"filters":1,"personalization":{"score":0,"rankingScore":0,"filtersScore":0,"textualRelevanceBucket":1,"initialPosition":34,"newPosition":34}}},{"brandCode":"csd2759","pzn":"00624605","productName":"Thomapyrin® INTENSIV bei Migräne Tabletten","secondaryCategories":["Schmerzen","Migräne","Landingpages","Aus farmaline wird shop-apotheke.com","Ratgeber","Kopfschmerzen","Landingpages","Reise Top 20","RedPoints Aktionswoche - Gute Vorsätze","Beauty ","Schmerzen","Zahnschmerzen","Black Friday®","30% und mehr","Landingpages","NOW! Erkältung","Landingpages","NOW! Schmerzen","Landingpages","NOW! Reiseapotheke","Landingpages","Unsere Topseller","Landingpages","Topseller","Landingpages","Topseller","Black Friday®","Erkältungs-Produkte","UNSERE ADVENTS-ÜBERASCHUNG EXKLUSIV FÜR UNSERE BESTEN KUNDEN.","Advent 3","Landingpages","Gesund durch den Karneval","Landingpages","40 Reiseknüller","Landingpages","100 Topseller","Schmerzen","Fiebersenkende Schmerzmittel","Erkältung & Grippe","Fiebersenkende Schmerzmittel","Kopfschmerzen","Schmerzmittel mit Koffein","Landingpages","SHOP APOTHEKE NOW!","Healthy Deals","RedPoints-Aktion","Landingpages","Top 100"],"manufacturer":"Sanofi-Aventis Deutschland GmbH GB Selbstmedikation /Consumer-Care","pharmaForm":"Tabletten","brand":"Thomapyrin","brandIntern":"Thomapyrin®","subBrandIntern":"INTENSIV","activeSubstances":["Acetylsalicylsäure","Paracetamol","Coffein"],"additiveSubstances":["Stearinsäure","Maisstärke","Lactose-1-Wasser"],"additiveSubstancesHtml":"<ul><li>Stearinsäure</li><li>Maisstärke</li><li>Lactose-1-Wasser</li></ul>","descriptionShort":"Bei Migräne- und intensiven Spannungskopfschmerzen","keywords":["Kopfschmerztabletten"],"unit":"St","unitQuantityString":"20","masterID":"00624605","indicationRanges":["Analgetika/ Antipyretika","Antipyretisch wirkende Analgetika","Kombinationen, coffeinhaltig","Migräne-Therapie","Mittel bei akuten Migräneattacken","Antipyretisch wirkende Analgetika"],"ratingCount":237,"averageRating":4.86,"attributes":["apothekenpflichtig","Arzneimittel"],"prescriptionMedicine":false,"price":560,"listPrice":821,"netRetailPrice":483,"priceFormatted":"€ 5,60","listPriceFormatted":"€ 8,21","potency":"","ifap":"Dieses Arzneimittel ist ein schmerzstillendes, fiebersenkendes und entzündungshemmendes Arzneimittel (nichtsteroidales Antiphlogistikum/Analgetikum). Es wird angewendet:zur Behandlung von akuten Kopfschmerzen (z. B. Spannungskopfschmerzen) und Migräneanfällen (mit und ohne Aura) bei Erwachsenen und Jugendlichen","image":"https://cdn.shop-apotheke.com/images/thomapyrin-intensiv-bei-migraene-tabletten-tabletten-D00624605-p1.jpg","hasImage":true,"deeplink":"arzneimittel/624605/thomapyrin-intensiv-bei-migraene-tabletten.htm","applicablePromotions":"","variantDetails":"00624605|00624605|32|20 St|560|arzneimittel/624605/thomapyrin-intensiv-bei-migraene-tabletten.htm|product.stockStatus.available","stockStatus":"","stockStatusReason":"product.stockStatus.available","inStock":true,"pricePerUnit":"","discountInPercent":32,"created":1445170517000,"lastChanged":1598591704000,"ratingsLink":"/produktbewertungen/624605/thomapyrin-intensiv-bei-migraene-tabletten.htm","ean":"","RPMultiplier":1,"ribbonText":"","primaryCategory":["Die Online-Apotheke für Deutschland","Die Online-Apotheke für Deutschland/Arzneimittel & weitere Produkte ","Die Online-Apotheke für Deutschland/Arzneimittel & weitere Produkte /Schmerzen","Die Online-Apotheke für Deutschland/Arzneimittel & weitere Produkte /Schmerzen/Kopfschmerzen","Die Online-Apotheke für Deutschland/Arzneimittel & weitere Produkte /Schmerzen/Kopfschmerzen/ASS & Paracetamol Kombinationen"],"topsellerCountBucket":13,"filterAttributes":[],"filterRating":0.14,"packSize":"20 St","variants":[{"id":"00624605","text":"Bei Migräne- und intensiven Spannungskopfschmerzen","webDetailPath":"arzneimittel/624605/thomapyrin-intensiv-bei-migraene-tabletten.htm","stock":"product.stockStatus.available","active":true,"discount":"32","retailPrice":"560","listPrice":"821","packSize":"20 St","nowProductGroup":"sameday_nextday","attributes":["apothekenpflichtig","Arzneimittel"],"productName":"Thomapyrin® INTENSIV bei Migräne Tabletten","pricePerUnit":"","imageUrl":"https://cdn.shop-apotheke.com/images/thomapyrin-intensiv-bei-migraene-tabletten-tabletten-D00624605-p1.jpg","pharmaForm":"Tabletten","ribbonText":"","RPMultiplier":"1"}],"master":true,"marketplace":true,"nowProductGroup":"sameday_nextday","notOnStockMessage":"","stockStatusColor":"green","categoryCodes":["csd00001","csd00269","csd02394","csd02400","csd00275","csd00278","csd00282","csd00061","csd01059","root","catalogs","main","themeshop","csd01584","landingpages","csd01702","csd02401","csd01434","csd02271","csd02859","csd02862","csd03040","csd03057","csd03171","csd03172","csd03273","csd02968","csd03288","csd03339","csd03341","csd03344","csd03475","csd03476","csd03646","csd03644","csd03647","csd03648","csd03716","csd03743"],"prices":{"listPrice":{"amount":8.21,"net":7.08,"currency":"EUR","info":{"index":1,"text":"AVP / UVP"}},"retailPrice":{"amount":5.6,"net":4.83,"currency":"EUR","info":{"index":1,"text":"AVP / UVP"}}},"calculatedRatingRanking":4.45,"objectID":"00624605","_highlightResult":{"activeSubstances":[{"value":"<ais-highlight-0000000000>A</ais-highlight-0000000000>cetylsalicylsäure","matchLevel":"full","fullyHighlighted":false,"matchedWords":["a"]},{"value":"Paracetamol","matchLevel":"none","matchedWords":[]},{"value":"Coffein","matchLevel":"none","matchedWords":[]}]},"_rankingInfo":{"nbTypos":0,"firstMatchedWord":0,"proximityDistance":0,"userScore":65,"geoDistance":0,"geoPrecision":1,"nbExactWords":0,"words":1,"filters":1,"personalization":{"score":0,"rankingScore":0,"filtersScore":0,"textualRelevanceBucket":1,"initialPosition":35,"newPosition":35}}},{"brandCode":"csd03752","pzn":"03929280","productName":"Nasentropfen AL 0,1 %","secondaryCategories":["ALIUD PHARMA<sup>®</sup>","Erkältung","Erkältung & Grippe","Schnupfen","RedPoints Aktionswoche - Gute Vorsätze","Beauty ","Black Friday®","30% und mehr","Landingpages","NOW! Erkältung","Landingpages","NOW! Reiseapotheke","Landingpages","Flash Deal Erkaeltung","Black Friday®","Erkältungs-Produkte","Landingpages","Top 100"],"manufacturer":"ALIUD Pharma GmbH","pharmaForm":"Lösung","brand":"Aliud","brandIntern":"ALIUD","subBrandIntern":"Nasentropfen AL","activeSubstances":["Xylometazolin hydrochlorid"],"additiveSubstances":["Benzalkonium chlorid","Wasser, gereinigtes","Natriumcitrat-2-Wasser","Citronensäure monohydrat","Glycerol"],"additiveSubstancesHtml":"<ul><li>Benzalkonium chlorid</li><li>Wasser, gereinigtes</li><li>Natriumcitrat-2-Wasser</li><li>Citronensäure monohydrat</li><li>Glycerol</li></ul>","descriptionShort":"Zur Abschwellung der Nasenschleimhaut bei Schnupfen","keywords":[],"unit":"ml","unitQuantityString":"10","masterID":"03929280","indicationRanges":["Atemwegskrankheiten und grippale Infekte","Rhinologika, lokale Anwendung","Schnupfenmittel, Sympathomimetika-haltig"],"ratingCount":59,"averageRating":4.83,"attributes":["apothekenpflichtig","Arzneimittel"],"prescriptionMedicine":false,"price":120,"listPrice":198,"netRetailPrice":103,"priceFormatted":"€ 1,20","listPriceFormatted":"€ 1,98","potency":"","ifap":"Das Präparat ist ein Schnupfenmittel (Rhinologikum, Alpha-Sympathomimetikum). Der Wirkstoff Xylometazolinhydrochlorid hat gefäßverengende Eigenschaften und bewirkt dadurch eine Abschwellung der Nasenschleimhaut. Das Arzneimittel wird angewendetzur Abschwellung der Nasenschleimhaut bei Schnupfen, anfallsweise auftretendem Fließschnupfen (Rhinitis vasomotorica) und allergischem Schnupfen (Rhinitis allergica). zur Erleichterung des Abfließens des Sekrets bei Entzündungen der Nasennebenhöhlen sowie bei Mittelohrentzündung (Katarrh des Tubenmittelohrs) in Verbindung mit Schnupfen. Das Präparat ist für Schulkinder und Erwachsene bestimmt.","image":"https://cdn.shop-apotheke.com/images/nasentropfen-al-0-1-loesung-D03929280-p1.jpg","hasImage":true,"deeplink":"arzneimittel/3929280/nasentropfen-al-0-1.htm","applicablePromotions":"","variantDetails":"03929280|03929280|39|10 ml|120|arzneimittel/3929280/nasentropfen-al-0-1.htm|product.stockStatus.available","stockStatus":"","stockStatusReason":"product.stockStatus.available","inStock":true,"pricePerUnit":"12,00 € / 100 ml","discountInPercent":39,"created":1445169027000,"lastChanged":1598569662000,"ratingsLink":"/produktbewertungen/3929280/nasentropfen-al-0-1.htm","ean":"4150039292801","RPMultiplier":1,"ribbonText":"","primaryCategory":["Die Online-Apotheke für Deutschland","Die Online-Apotheke für Deutschland/Arzneimittel & weitere Produkte ","Die Online-Apotheke für Deutschland/Arzneimittel & weitere Produkte /Auge, Nase & Ohr","Die Online-Apotheke für Deutschland/Arzneimittel & weitere Produkte /Auge, Nase & Ohr/Nase","Die Online-Apotheke für Deutschland/Arzneimittel & weitere Produkte /Auge, Nase & Ohr/Nase/Schnupfen"],"topsellerCountBucket":13,"filterAttributes":[],"filterRating":0.17,"packSize":"10 ml","variants":[{"id":"03929280","text":"Zur Abschwellung der Nasenschleimhaut bei Schnupfen","webDetailPath":"arzneimittel/3929280/nasentropfen-al-0-1.htm","stock":"product.stockStatus.available","active":true,"discount":"39","retailPrice":"120","listPrice":"198","packSize":"10 ml","nowProductGroup":"nextday","attributes":["apothekenpflichtig","Arzneimittel"],"productName":"Nasentropfen AL 0,1 %","pricePerUnit":"12,00 € / 100 ml","imageUrl":"https://cdn.shop-apotheke.com/images/nasentropfen-al-0-1-loesung-D03929280-p1.jpg","pharmaForm":"Lösung","ribbonText":"","RPMultiplier":"1"}],"master":true,"marketplace":false,"nowProductGroup":"nextday","notOnStockMessage":"","stockStatusColor":"green","categoryCodes":["csd00001","csd00020","csd00028","csd00033","csd00061","csd01060","csd01434","csd02271","csd02859","csd02862","root","catalogs","main","landingpages","csd03040","csd03171","csd03172","csd03341","csd03476","csd03524","brandshop","csd1914","csd1917"],"prices":{"listPrice":{"amount":1.98,"net":1.71,"currency":"EUR","info":{"index":1,"text":"AVP / UVP"}},"retailPrice":{"amount":1.2,"net":1.03,"currency":"EUR","info":{"index":1,"text":"AVP / UVP"}}},"calculatedRatingRanking":3.76,"objectID":"03929280","_highlightResult":{"activeSubstances":[{"value":"Xylometazolin hydrochlorid","matchLevel":"none","matchedWords":[]}]},"_rankingInfo":{"nbTypos":0,"firstMatchedWord":0,"proximityDistance":0,"userScore":64,"geoDistance":0,"geoPrecision":1,"nbExactWords":0,"words":1,"filters":1,"personalization":{"score":0,"rankingScore":0,"filtersScore":0,"textualRelevanceBucket":1,"initialPosition":36,"newPosition":36}}},{"brandCode":"csd2800","pzn":"06998784","productName":"Voltaren® Schmerzgel","secondaryCategories":["Schmerzen","Sportverletzungen","Voltaren","Bestseller","Voltaren","Nackenschmerzen","Voltaren","Verspannungen","Voltaren","Muskel – und Gelenkschmerzen","Arthrose","Arthrose","Ratgeber","Bewegungsschmerzen","Muskeln, Knochen & Gelenke","Gelenkschmerzen","Sportverletzung","Schmerzgel","Schmerzen","Rückenschmerzen","Schmerzen","Muskel- & Gelenkschmerzen","Black Friday®","40% und mehr","Landingpages","NOW! Schmerzen","Landingpages","Topseller","Landingpages","Abo Produkte","Landingpages","100 Topseller","Landingpages","SHOP APOTHEKE NOW!","Healthy Deals","Healthy Deals Ernährung, Sport & Abnehmen","Landingpages","Healthy Deals App-Angebote","Voltaren","Rückenschmerzen","Voltaren","Knieschmerzen","Voltaren","Arthrose"],"manufacturer":"GlaxoSmithKline Consumer Healthcare","pharmaForm":"Gel","brand":"Voltaren Schmerzgel","brandIntern":"Voltaren®","subBrandIntern":"","activeSubstances":["Diclofenac diethylamin"],"additiveSubstances":["Isopropanol","Diethylamin","Caprylsäure-/Caprinsäure-Fettalkoholester","Paraffin, dickflüssiges","Parfümcreme","Carbomer 974 P","Ceteth","Wasser, gereinigtes","Wasser, gereinigtes","Propylenglycol"],"additiveSubstancesHtml":"<ul><li>Isopropanol</li><li>Diethylamin</li><li>Caprylsäure-/Caprinsäure-Fettalkoholester</li><li>Paraffin, dickflüssiges</li><li>Parfümcreme</li><li>Carbomer 974 P</li><li>Ceteth</li><li>Wasser, gereinigtes</li><li>Wasser, gereinigtes</li><li>Propylenglycol</li></ul>","descriptionShort":"Zur äußerlichen Behandlung von Schmerzen, Entzündungen und Schwellungen","keywords":[],"unit":"g","unitQuantityString":"180","masterID":"00458503","indicationRanges":["Antirheumatika/ Antiphlogistika","Externa","Nichtsteroidale Antirheumatika/ Antiphlogistika","Sportverletzungen"],"ratingCount":517,"averageRating":4.79,"attributes":["apothekenpflichtig","Arzneimittel","ABO"],"prescriptionMedicine":false,"price":1576,"listPrice":2095,"netRetailPrice":1359,"priceFormatted":"€ 15,76","listPriceFormatted":"€ 20,95","potency":"","ifap":"Das Schmerzgel ist ein schmerzstillendes Arzneimittel mit dem Wirkstoff Diclofenac aus der Gruppe der nichtsteroidalen Antiphlogistika/Analgetika (entzündungshemmendes Schmerzmittel). Anwendungsgebiet für ErwachseneZur symptomatischen Behandlung von Schmerzen:bei akuten Zerrungen, Verstauchungen oder Prellungen in Folge stumpfer Traumen, z.B. Sport- und Unfallverletzungen; der gelenknahen Weichteile (z.B. Schleimbeutel, Sehnen, Sehnenscheiden, Bänder, Muskelansätze und Gelenkkapseln) bei Arthrose der Knie- und Fingergelenke; bei Epicondylitis (Entzündung der Sehnenansätze im Bereich des Ellenbogens, auch Tennisellenbogen bzw. Golferellenbogen genannt); bei akuten Muskelschmerzen z.B. im Rückenbereich. Anwendungsgebiet bei Jugendlichen über 14 JahrenZur Kurzzeitbehandlung. Zur lokalen, symptomatischen Behandlung von Schmerzen bei akuten Prellungen, Zerrungen oder Verstauchungen infolge eines stumpfen Traumas.","image":"https://cdn.shop-apotheke.com/images/voltaren-schmerzgel-gel-D06998784-p1.jpg","hasImage":true,"deeplink":"arzneimittel/6998784/voltaren-schmerzgel.htm","applicablePromotions":"","variantDetails":"00458503|06998784|25|180 g|1576|arzneimittel/6998784/voltaren-schmerzgel.htm|product.stockStatus.available","stockStatus":"","stockStatusReason":"product.stockStatus.available","inStock":true,"pricePerUnit":"8,76 € / 100 g","discountInPercent":25,"created":1445169642000,"lastChanged":1598570442000,"ratingsLink":"/produktbewertungen/6998784/voltaren-schmerzgel.htm","ean":"","RPMultiplier":1,"ribbonText":"","primaryCategory":["Die Online-Apotheke für Deutschland","Die Online-Apotheke für Deutschland/Arzneimittel & weitere Produkte ","Die Online-Apotheke für Deutschland/Arzneimittel & weitere Produkte /Schmerzen","Die Online-Apotheke für Deutschland/Arzneimittel & weitere Produkte /Schmerzen/Äußerliche Anwendung","Die Online-Apotheke für Deutschland/Arzneimittel & weitere Produkte /Schmerzen/Äußerliche Anwendung/Schmerzgele & -salben"],"topsellerCountBucket":13,"filterAttributes":["ABO"],"filterRating":0.21,"packSize":"180 g","variants":[{"id":"00458503","text":"Zur äußerlichen Behandlung von Schmerzen, Entzündungen und Schwellungen","webDetailPath":"arzneimittel/458503/voltaren-schmerzgel.htm","stock":"product.stockStatus.available","active":true,"discount":"31","retailPrice":"628","listPrice":"905","packSize":"60 g","nowProductGroup":"sameday_nextday","attributes":["apothekenpflichtig","Arzneimittel"],"productName":"Voltaren® Schmerzgel","pricePerUnit":"10,47 € / 100 g","imageUrl":"https://cdn.shop-apotheke.com/images/voltaren-schmerzgel-gel-D00458503-p1.jpg","pharmaForm":"Gel","ribbonText":"","RPMultiplier":"1"},{"id":"00458532","text":"Zur äußerlichen Behandlung von Schmerzen, Entzündungen und Schwellungen","webDetailPath":"arzneimittel/458532/voltaren-schmerzgel.htm","stock":"product.stockStatus.available","active":false,"discount":"20","retailPrice":"1245","listPrice":"1556","packSize":"120 g","nowProductGroup":"sameday_nextday","attributes":["apothekenpflichtig","Arzneimittel"],"productName":"Voltaren® Schmerzgel","pricePerUnit":"10,38 € / 100 g","imageUrl":"https://cdn.shop-apotheke.com/images/voltaren-schmerzgel-gel-D00458532-p1.jpg","pharmaForm":"Gel","ribbonText":"","RPMultiplier":"1"},{"id":"05388090","text":"Zur äußerlichen Behandlung von Schmerzen, Entzündungen und Schwellungen","webDetailPath":"arzneimittel/5388090/voltaren-schmerzgel-doppelpack.htm","stock":"product.stockStatus.nl","active":false,"discount":"25","retailPrice":"2390","listPrice":"3188","packSize":"2X150 g","nowProductGroup":"none","attributes":["apothekenpflichtig","Arzneimittel","ABO"],"productName":"Voltaren® Schmerzgel Doppelpack","pricePerUnit":"79,67 € / kg","imageUrl":"https://cdn.shop-apotheke.com/images/voltaren-schmerzgel-doppelpack-gel-D05388090-p1.jpg","pharmaForm":"Gel","ribbonText":"","RPMultiplier":"1"},{"id":"06998784","text":"Zur äußerlichen Behandlung von Schmerzen, Entzündungen und Schwellungen","webDetailPath":"arzneimittel/6998784/voltaren-schmerzgel.htm","stock":"product.stockStatus.available","active":false,"discount":"25","retailPrice":"1576","listPrice":"2095","packSize":"180 g","nowProductGroup":"sameday_nextday","attributes":["apothekenpflichtig","Arzneimittel","ABO"],"productName":"Voltaren® Schmerzgel","pricePerUnit":"8,76 € / 100 g","imageUrl":"https://cdn.shop-apotheke.com/images/voltaren-schmerzgel-gel-D06998784-p1.jpg","pharmaForm":"Gel","ribbonText":"","RPMultiplier":"1"}],"master":false,"marketplace":true,"nowProductGroup":"sameday_nextday","notOnStockMessage":"","stockStatusColor":"green","categoryCodes":["csd00001","csd00269","csd00271","csd00274","csd00276","csd00281","csd01042","csd00263","csd01121","root","catalogs","main","themeshop","csd01136","csd01434","csd02271","csd02272","csd03575","csd00283","csd03626","csd02283","landingpages","csd03339","csd03344","csd03461","csd03475","csd02968","csd03571","csd03648","csd03692","brandshop","csd1603","csd04439","csd1604","csd1605","csd1606","csd1607","csd1609","csd1613","csd1614"],"prices":{"listPrice":{"amount":20.95,"net":18.06,"currency":"EUR","info":{"index":1,"text":"AVP / UVP"}},"retailPrice":{"amount":15.76,"net":13.59,"currency":"EUR","info":{"index":1,"text":"AVP / UVP"}}},"calculatedRatingRanking":4.59,"objectID":"06998784","_highlightResult":{"activeSubstances":[{"value":"Diclofenac diethylamin","matchLevel":"none","matchedWords":[]}]},"_rankingInfo":{"nbTypos":0,"firstMatchedWord":0,"proximityDistance":0,"userScore":63,"geoDistance":0,"geoPrecision":1,"nbExactWords":0,"words":1,"filters":1,"personalization":{"score":0,"rankingScore":0,"filtersScore":0,"textualRelevanceBucket":1,"initialPosition":37,"newPosition":37}}},{"brandCode":"csd03752","pzn":"01173607","productName":"Nasenspray AL 0,05%","secondaryCategories":["ALIUD PHARMA<sup>®</sup>","Erkältung","Black Friday®","30% und mehr","Landingpages","NOW! Reiseapotheke","Erkältung & Grippe","Schnupfen","Black Friday®","Erkältungs-Produkte"],"manufacturer":"ALIUD Pharma GmbH","pharmaForm":"Lösung","brand":"Aliud","brandIntern":"ALIUD","subBrandIntern":"Nasenspray AL","activeSubstances":["Xylometazolin hydrochlorid"],"additiveSubstances":["Benzalkonium chlorid","Wasser, gereinigtes","Natriumcitrat-2-Wasser","Citronensäure monohydrat","Glycerol"],"additiveSubstancesHtml":"<ul><li>Benzalkonium chlorid</li><li>Wasser, gereinigtes</li><li>Natriumcitrat-2-Wasser</li><li>Citronensäure monohydrat</li><li>Glycerol</li></ul>","descriptionShort":"Zur Abschwellung der Nasenschleimhaut bei Schnupfen","keywords":[],"unit":"ml","unitQuantityString":"10","masterID":"01173607","indicationRanges":["Atemwegskrankheiten und grippale Infekte","Rhinologika, lokale Anwendung","Schnupfenmittel, Sympathomimetika-haltig"],"ratingCount":46,"averageRating":4.78,"attributes":["apothekenpflichtig","Arzneimittel"],"prescriptionMedicine":false,"price":98,"listPrice":189,"netRetailPrice":84,"priceFormatted":"€ 0,98","listPriceFormatted":"€ 1,89","potency":"","ifap":"Das Präparat ist ein Mittel zur Anwendung in der Nase (Rhinologikum) und enthält das Alpha-Sympathomimetikum Xylometazolin. Xylometazolin hat gefäßverengende Eigenschaften und bewirkt dadurch eine Schleimhautabschwellung. Das Arzneimittel wird angewendetzur Abschwellung der Nasenschleimhaut (Kurzzeitbehandlung) bei Schnupfen, anfallsweise auftretendem Fließschnupfen (Rhinitis vasomotorica) oder allergischem Schnupfen (Rhinitis allergica) zur Erleichterung des Sekretabflusses bei Entzündung der Nasennebenhöhlen sowie bei Katarrh des Tubenmittelohrs in Verbindung mit Schnupfen. Das Präparat ist für Kinder zwischen 2 und 6 Jahren bestimmt.","image":"https://cdn.shop-apotheke.com/images/nasenspray-al-0-05-loesung-D01173607-p1.jpg","hasImage":true,"deeplink":"arzneimittel/1173607/nasenspray-al-0-05.htm","applicablePromotions":"","variantDetails":"01173607|01173607|48|10 ml|98|arzneimittel/1173607/nasenspray-al-0-05.htm|product.stockStatus.available","stockStatus":"","stockStatusReason":"product.stockStatus.available","inStock":true,"pricePerUnit":"9,80 € / 100 ml","discountInPercent":48,"created":1445162713000,"lastChanged":1598568687000,"ratingsLink":"/produktbewertungen/1173607/nasenspray-al-0-05.htm","ean":"4150011736071","RPMultiplier":1,"ribbonText":"","primaryCategory":["Die Online-Apotheke für Deutschland","Die Online-Apotheke für Deutschland/Arzneimittel & weitere Produkte ","Die Online-Apotheke für Deutschland/Arzneimittel & weitere Produkte /Auge, Nase & Ohr","Die Online-Apotheke für Deutschland/Arzneimittel & weitere Produkte /Auge, Nase & Ohr/Nase","Die Online-Apotheke für Deutschland/Arzneimittel & weitere Produkte /Auge, Nase & Ohr/Nase/Schnupfen"],"topsellerCountBucket":13,"filterAttributes":[],"filterRating":0.22,"packSize":"10 ml","variants":[{"id":"01173607","text":"Zur Abschwellung der Nasenschleimhaut bei Schnupfen","webDetailPath":"arzneimittel/1173607/nasenspray-al-0-05.htm","stock":"product.stockStatus.available","active":true,"discount":"48","retailPrice":"98","listPrice":"189","packSize":"10 ml","nowProductGroup":"sameday_nextday","attributes":["apothekenpflichtig","Arzneimittel"],"productName":"Nasenspray AL 0,05%","pricePerUnit":"9,80 € / 100 ml","imageUrl":"https://cdn.shop-apotheke.com/images/nasenspray-al-0-05-loesung-D01173607-p1.jpg","pharmaForm":"Lösung","ribbonText":"","RPMultiplier":"1"}],"master":true,"marketplace":true,"nowProductGroup":"sameday_nextday","notOnStockMessage":"","stockStatusColor":"green","categoryCodes":["csd00001","csd00020","csd00028","csd00033","csd00061","csd01060","csd01434","csd02271","csd02859","csd02862","root","catalogs","main","landingpages","csd03476","brandshop","csd1914","csd1917"],"prices":{"listPrice":{"amount":1.89,"net":1.63,"currency":"EUR","info":{"index":1,"text":"AVP / UVP"}},"retailPrice":{"amount":0.98,"net":0.84,"currency":"EUR","info":{"index":1,"text":"AVP / UVP"}}},"calculatedRatingRanking":3.59,"objectID":"01173607","_highlightResult":{"activeSubstances":[{"value":"Xylometazolin hydrochlorid","matchLevel":"none","matchedWords":[]}]},"_rankingInfo":{"nbTypos":0,"firstMatchedWord":0,"proximityDistance":0,"userScore":62,"geoDistance":0,"geoPrecision":1,"nbExactWords":0,"words":1,"filters":1,"personalization":{"score":0,"rankingScore":0,"filtersScore":0,"textualRelevanceBucket":1,"initialPosition":38,"newPosition":38}}},{"brandCode":"csd2824","pzn":"06892927","productName":"ANGOCIN® Anti-Infekt N","secondaryCategories":["Blase & Niere","Harnwegserkrankungen","Erkältung & Grippe","Grippale Infekte","Ratgeber","Harnwegsinfektionen","Pflanzlich","Blase, Niere & Prostata","Nase","Nasennebenhöhlen","Erkältung & Grippe","Nasennebenhöhlen","UNSERE ADVENTS-ÜBERASCHUNG EXKLUSIV FÜR UNSERE BESTEN KUNDEN.","Advent 3","UNSERE ADVENTS-ÜBERASCHUNG EXKLUSIV FÜR UNSERE BESTEN KUNDEN.","Advent 2","Landingpages","SHOP APOTHEKE NOW!"],"manufacturer":"REPHA GmbH Biologische Arzneimittel","pharmaForm":"Filmtabletten","brand":"ANGOCIN","brandIntern":"ANGOCIN®","subBrandIntern":"","activeSubstances":["Meerrettichwurzel-Pulver","Kapuzinerkressekraut-Pulver"],"additiveSubstances":["Stearinsäure","Hypromellose","Eisenoxide und -hydroxide","Siliciumdioxid, hochdisperses","Cellulose","Carboxymethylstärke, Natrium","Kartoffelstärke","Macrogol","Titandioxid","Talkum"],"additiveSubstancesHtml":"<ul><li>Stearinsäure</li><li>Hypromellose</li><li>Eisenoxide und -hydroxide</li><li>Siliciumdioxid, hochdisperses</li><li>Cellulose</li><li>Carboxymethylstärke, Natrium</li><li>Kartoffelstärke</li><li>Macrogol</li><li>Titandioxid</li><li>Talkum</li></ul>","descriptionShort":"Bei akuten entzündlichen Erkrankungen der Bronchien, Nebenhöhlen und Harnwege","keywords":[],"unit":"St","unitQuantityString":"500","masterID":"06892904","indicationRanges":["Atemwegskrankheiten und grippale Infekte","Phytopharmaka","Sonstige","Urologika","Phytopharmaka","Sonstige"],"ratingCount":284,"averageRating":4.77,"attributes":["apothekenpflichtig","pflanzlich","Arzneimittel"],"prescriptionMedicine":false,"price":5167,"listPrice":6725,"netRetailPrice":4454,"priceFormatted":"€ 51,67","listPriceFormatted":"€ 67,25","potency":"","ifap":"Das Arzneimittel wird angewendet: zur Besserung der Beschwerden bei akuten entzündlichen Erkrankungen der Bronchien, Nebenhöhlen und ableitenden Harnwege.","image":"https://cdn.shop-apotheke.com/images/angocin-anti-infekt-n-filmtabletten-D06892927-p1.jpg","hasImage":true,"deeplink":"arzneimittel/6892927/angocin-anti-infekt-n.htm","applicablePromotions":"","variantDetails":"06892904|06892927|23|500 St|5167|arzneimittel/6892927/angocin-anti-infekt-n.htm|product.stockStatus.available","stockStatus":"","stockStatusReason":"product.stockStatus.available","inStock":true,"pricePerUnit":"","discountInPercent":23,"created":1445172019000,"lastChanged":1598602027000,"ratingsLink":"/produktbewertungen/6892927/angocin-anti-infekt-n.htm","ean":"","RPMultiplier":1,"ribbonText":"","primaryCategory":["Die Online-Apotheke für Deutschland","Die Online-Apotheke für Deutschland/Homöopathie & Naturprodukte","Die Online-Apotheke für Deutschland/Homöopathie & Naturprodukte/Anwendungsgebiete","Die Online-Apotheke für Deutschland/Homöopathie & Naturprodukte/Anwendungsgebiete/Pflanzlich","Die Online-Apotheke für Deutschland/Homöopathie & Naturprodukte/Anwendungsgebiete/Pflanzlich/Grippale Infekte"],"topsellerCountBucket":13,"filterAttributes":["pflanzlich"],"filterRating":0.23,"packSize":"500 St","variants":[{"id":"06892904","text":"Bei akuten entzündlichen Erkrankungen der Bronchien, Nebenhöhlen und Harnwege","webDetailPath":"arzneimittel/6892904/angocin-anti-infekt-n.htm","stock":"product.stockStatus.available","active":true,"discount":"22","retailPrice":"820","listPrice":"1049","packSize":"50 St","nowProductGroup":"sameday_nextday","attributes":["apothekenpflichtig","pflanzlich","Arzneimittel"],"productName":"ANGOCIN® Anti-Infekt N","pricePerUnit":"","imageUrl":"https://cdn.shop-apotheke.com/images/angocin-anti-infekt-n-filmtabletten-D06892904-p1.jpg","pharmaForm":"Filmtabletten","ribbonText":"","RPMultiplier":"1"},{"id":"06892910","text":"Bei akuten entzündlichen Erkrankungen der Bronchien, Nebenhöhlen und Harnwege","webDetailPath":"arzneimittel/6892910/angocin-anti-infekt-n.htm","stock":"product.stockStatus.available","active":false,"discount":"22","retailPrice":"1367","listPrice":"1753","packSize":"100 St","nowProductGroup":"sameday_nextday","attributes":["apothekenpflichtig","pflanzlich","Arzneimittel"],"productName":"ANGOCIN® Anti-Infekt N","pricePerUnit":"","imageUrl":"https://cdn.shop-apotheke.com/images/angocin-anti-infekt-n-filmtabletten-D06892910-p1.jpg","pharmaForm":"Filmtabletten","ribbonText":"","RPMultiplier":"1"},{"id":"06612767","text":"Bei akuten entzündlichen Erkrankungen der Bronchien, Nebenhöhlen und Harnwege","webDetailPath":"arzneimittel/6612767/angocin-anti-infekt-n.htm","stock":"product.stockStatus.available","active":false,"discount":"25","retailPrice":"2341","listPrice":"3118","packSize":"200 St","nowProductGroup":"sameday_nextday","attributes":["apothekenpflichtig","pflanzlich","Arzneimittel"],"productName":"ANGOCIN® Anti-Infekt N","pricePerUnit":"","imageUrl":"https://cdn.shop-apotheke.com/images/angocin-anti-infekt-n-filmtabletten-D06612767-p1.jpg","pharmaForm":"Filmtabletten","ribbonText":"","RPMultiplier":"1"},{"id":"06892927","text":"Bei akuten entzündlichen Erkrankungen der Bronchien, Nebenhöhlen und Harnwege","webDetailPath":"arzneimittel/6892927/angocin-anti-infekt-n.htm","stock":"product.stockStatus.available","active":false,"discount":"23","retailPrice":"5167","listPrice":"6725","packSize":"500 St","nowProductGroup":"sameday_nextday","attributes":["apothekenpflichtig","pflanzlich","Arzneimittel"],"productName":"ANGOCIN® Anti-Infekt N","pricePerUnit":"","imageUrl":"https://cdn.shop-apotheke.com/images/angocin-anti-infekt-n-filmtabletten-D06892927-p1.jpg","pharmaForm":"Filmtabletten","ribbonText":"","RPMultiplier":"1"}],"master":false,"marketplace":true,"nowProductGroup":"sameday_nextday","notOnStockMessage":"","stockStatusColor":"green","categoryCodes":["csd00850","csd00851","csd00884","csd00891","csd00001","csd00020","csd00028","csd00029","csd00038","csd00046","csd00061","csd00065","csd00888","root","catalogs","main","themeshop","csd01433","csd01574","landingpages","csd03339","csd03646","csd03643","csd03644"],"prices":{"listPrice":{"amount":67.25,"net":57.97,"currency":"EUR","info":{"index":1,"text":"AVP / UVP"}},"retailPrice":{"amount":51.67,"net":44.54,"currency":"EUR","info":{"index":1,"text":"AVP / UVP"}}},"calculatedRatingRanking":4.43,"objectID":"06892927","_highlightResult":{"activeSubstances":[{"value":"Meerrettichwurzel-Pulver","matchLevel":"none","matchedWords":[]},{"value":"Kapuzinerkressekraut-Pulver","matchLevel":"none","matchedWords":[]}]},"_rankingInfo":{"nbTypos":0,"firstMatchedWord":0,"proximityDistance":0,"userScore":61,"geoDistance":0,"geoPrecision":1,"nbExactWords":0,"words":1,"filters":1,"personalization":{"score":0,"rankingScore":0,"filtersScore":0,"textualRelevanceBucket":1,"initialPosition":39,"newPosition":39}}},{"brandCode":"csd2261","pzn":"00199059","productName":"Autan® Protection Plus Pumpspray","secondaryCategories":["Baby- & Kindergesundheit","Zecken & Mückenschutz für Kinder","Landingpages","Topseller Reiseapotheke","Reiseapotheke","Reiseapotheke für Kinder","Landingpages","Unsere Top-Produkte","Landingpages","NOW! Reiseapotheke","Landingpages","RedPoints Produktauswahl Reiseapotheke für Kinder","Landingpages","100 Topseller","Landingpages","Top Kunden Sommer","Healthy Deals","Healthy Deals Reiseapotheke","Landingpages","Mai Aktion","Landingpages","Mai Kracher","Healthy Deals","Healthy Deals Aktionsprodukte","Landingpages","Insektenschutz & Sonnenbrand","Landingpages","RedPoints Sommeraktion","Landingpages","Mücken- und Sonnenschutz","Landingpages","Healthy Deals App-Angebote","Healthy Deals","Healthy Deals RedPoints","Healthy Deals","RedPoints-Aktion","Landingpages","Top 100"],"manufacturer":"SK Pharma Logistics GmbH","pharmaForm":"Spray","brand":"Autan","brandIntern":"Autan®","subBrandIntern":"Protection","activeSubstances":["Icaridin"],"additiveSubstances":["Parfüm","Ethanol, vergällt","Wasser, gereinigtes","Citronensäure"],"additiveSubstancesHtml":"<ul><li>Parfüm</li><li>Ethanol, vergällt</li><li>Wasser, gereinigtes</li><li>Citronensäure</li></ul>","descriptionShort":"Zum Schutz vor Mücken, Zecken und Bremsen","keywords":["Mückenspray","Mückenschutz","Insektenschutz"],"unit":"ml","unitQuantityString":"100","masterID":"00199059","indicationRanges":["Kosmetika und Kinderpflegemittel","Insektenschutz"],"ratingCount":29,"averageRating":4.76,"attributes":[],"prescriptionMedicine":false,"price":494,"listPrice":899,"netRetailPrice":426,"priceFormatted":"€ 4,94","listPriceFormatted":"€ 8,99","potency":"","ifap":"","image":"https://cdn.shop-apotheke.com/images/autan-protection-plus-pumpspray-spray-D00199059-p1.jpg","hasImage":true,"deeplink":"arzneimittel/199059/autan-protection-plus-pumpspray.htm","applicablePromotions":"","variantDetails":"00199059|00199059|45|100 ml|494|arzneimittel/199059/autan-protection-plus-pumpspray.htm|product.stockStatus.available","stockStatus":"","stockStatusReason":"product.stockStatus.available","inStock":true,"pricePerUnit":"4,94 € / 100 ml","discountInPercent":45,"created":1445168100000,"lastChanged":1598568277000,"ratingsLink":"/produktbewertungen/199059/autan-protection-plus-pumpspray.htm","ean":"5000204513325","RPMultiplier":1,"ribbonText":"","primaryCategory":["Die Online-Apotheke für Deutschland","Die Online-Apotheke für Deutschland/Arzneimittel & weitere Produkte ","Die Online-Apotheke für Deutschland/Arzneimittel & weitere Produkte /Haus- & Reiseapotheke","Die Online-Apotheke für Deutschland/Arzneimittel & weitere Produkte /Haus- & Reiseapotheke/Reiseapotheke","Die Online-Apotheke für Deutschland/Arzneimittel & weitere Produkte /Haus- & Reiseapotheke/Reiseapotheke/Insekten- & Mückenschutz"],"topsellerCountBucket":13,"filterAttributes":[],"filterRating":0.24,"packSize":"100 ml","variants":[{"id":"00199059","text":"Zum Schutz vor Mücken, Zecken und Bremsen","webDetailPath":"arzneimittel/199059/autan-protection-plus-pumpspray.htm","stock":"product.stockStatus.available","active":true,"discount":"45","retailPrice":"494","listPrice":"899","packSize":"100 ml","nowProductGroup":"none","attributes":[],"productName":"Autan® Protection Plus Pumpspray","pricePerUnit":"4,94 € / 100 ml","imageUrl":"https://cdn.shop-apotheke.com/images/autan-protection-plus-pumpspray-spray-D00199059-p1.jpg","pharmaForm":"Spray","ribbonText":"","RPMultiplier":"1"}],"master":true,"marketplace":true,"nowProductGroup":"none","notOnStockMessage":"","stockStatusColor":"green","categoryCodes":["csd00001","csd00077","csd00116","csd01578","csd00362","csd02667","csd00372","csd01581","root","catalogs","main","landingpages","csd03039","csd03040","csd03093","csd01434","csd02968","csd03288","csd03344","csd03460","csd03461","csd03476","csd03506","csd03569","csd03572","csd03635","csd03715","csd03995","csd03997","csd04004","csd04394","csd04412"],"prices":{"listPrice":{"amount":8.99,"net":7.75,"currency":"EUR","info":{"index":1,"text":"AVP / UVP"}},"retailPrice":{"amount":4.94,"net":4.26,"currency":"EUR","info":{"index":1,"text":"AVP / UVP"}}},"calculatedRatingRanking":3.33,"objectID":"00199059","_highlightResult":{"activeSubstances":[{"value":"Icaridin","matchLevel":"none","matchedWords":[]}]},"_rankingInfo":{"nbTypos":0,"firstMatchedWord":0,"proximityDistance":0,"userScore":60,"geoDistance":0,"geoPrecision":1,"nbExactWords":0,"words":1,"filters":1,"personalization":{"score":0,"rankingScore":0,"filtersScore":0,"textualRelevanceBucket":1,"initialPosition":40,"newPosition":40}}},{"brandCode":"","pzn":"08105314","productName":"Van Laack Mundschutzmaske Mehrweg waschbar 5 Stück","secondaryCategories":["Landingpages","Healthy Deals App-Angebote","Healthy Deals","Healthy Deals RedPoints","Healthy Deals","RedPoints-Aktion","Landingpages","Newsletter Aktionen"],"manufacturer":"Van-Laack","pharmaForm":"Mundschutz","brand":"","brandIntern":"Van Laack","subBrandIntern":"","activeSubstances":[],"additiveSubstances":[],"additiveSubstancesHtml":"","descriptionShort":"Zur Reduzierung einer Verbreitung von Bakterien und Viren","keywords":["mundschutz","schutzmaske","schutzmasken","masken","mundschutzmaske","maske","mundschutzmasken","atemschutzmasken","gesichtsmaske","atemschutz","Einmalmaske","atemschutzmaske","gesichtsmasken","coronamaske","coronamasken","behelfsmaske","behelfsmasken","einmalmasken"],"unit":"St","unitQuantityString":"5","masterID":"08105314","indicationRanges":[],"ratingCount":20,"averageRating":4.75,"attributes":[],"prescriptionMedicine":false,"price":1940,"listPrice":0,"netRetailPrice":1672,"priceFormatted":"€ 19,40","listPriceFormatted":"","potency":"","ifap":"","image":"https://cdn.shop-apotheke.com/images/van-laack-mundschutzmaske-mehrweg-waschbar-5-stueck-mundschutz-D08105314-p1.jpg","hasImage":true,"deeplink":"arzneimittel/8105314/van-laack-mundschutzmaske-mehrweg-waschbar-5-stueck.htm","applicablePromotions":"","variantDetails":"08105314|08105314|0|5 St|1940|arzneimittel/8105314/van-laack-mundschutzmaske-mehrweg-waschbar-5-stueck.htm|product.stockStatus.available","stockStatus":"","stockStatusReason":"product.stockStatus.available","inStock":true,"pricePerUnit":"","discountInPercent":0,"created":1589880720000,"lastChanged":1598571040000,"ratingsLink":"/produktbewertungen/8105314/van-laack-mundschutzmaske-mehrweg-waschbar-5-stueck.htm","ean":"4030825117641","RPMultiplier":1,"ribbonText":"","primaryCategory":["Die Online-Apotheke für Deutschland","Die Online-Apotheke für Deutschland/Arzneimittel & weitere Produkte ","Die Online-Apotheke für Deutschland/Arzneimittel & weitere Produkte /Krankenpflege","Die Online-Apotheke für Deutschland/Arzneimittel & weitere Produkte /Krankenpflege/Schutzkleidung"],"topsellerCountBucket":13,"filterAttributes":[],"filterRating":0.25,"packSize":"5 St","variants":[{"id":"08105314","text":"Zur Reduzierung einer Verbreitung von Bakterien und Viren","webDetailPath":"arzneimittel/8105314/van-laack-mundschutzmaske-mehrweg-waschbar-5-stueck.htm","stock":"product.stockStatus.available","active":true,"discount":"0","retailPrice":"1940","listPrice":"0","packSize":"5 St","nowProductGroup":"sameday_nextday","attributes":[],"productName":"Van Laack Mundschutzmaske Mehrweg waschbar 5 Stück","pricePerUnit":"","imageUrl":"https://cdn.shop-apotheke.com/images/van-laack-mundschutzmaske-mehrweg-waschbar-5-stueck-mundschutz-D08105314-p1.jpg","pharmaForm":"Mundschutz","ribbonText":"","RPMultiplier":"1"}],"master":true,"marketplace":false,"nowProductGroup":"sameday_nextday","notOnStockMessage":"","stockStatusColor":"green","categoryCodes":["csd00001","csd00195","csd03992","root","catalogs","main","landingpages","csd02984","csd01434","csd02968","csd03288","csd03461","csd03572"],"prices":{"listPrice":null,"retailPrice":{"amount":19.4,"net":16.72,"currency":"EUR","info":{"index":1,"text":"AVP / UVP"}}},"calculatedRatingRanking":3.14,"objectID":"08105314","_rankingInfo":{"nbTypos":0,"firstMatchedWord":0,"proximityDistance":0,"userScore":59,"geoDistance":0,"geoPrecision":1,"nbExactWords":0,"words":1,"filters":1,"personalization":{"score":0,"rankingScore":0,"filtersScore":0,"textualRelevanceBucket":1,"initialPosition":41,"newPosition":41}}},{"brandCode":"csd03722","pzn":"10929990","productName":"Diclo-ratiopharm® Schmerzgel","secondaryCategories":["Sportverletzung","Schmerzgel","Black Friday®","50% und mehr","Landingpages","NOW! Schmerzen","Schmerzen","Muskel- & Gelenkschmerzen","Muskeln, Knochen & Gelenke","Gelenkschmerzen","Landingpages","SHOP APOTHEKE NOW!"],"manufacturer":"ratiopharm GmbH","pharmaForm":"Gel","brand":"ratiopharm Diclo","brandIntern":"ratiopharm","subBrandIntern":"Diclo-ratiopharm®","activeSubstances":["Diclofenac natrium"],"additiveSubstances":["Isopropanol","Dinatrium edetat-2-Wasser","Decyloleat","Sojaöl, raffiniert","Lecithin (Sojabohne)","Carbomer 980","Ammoniumhydroxid zur pH-Wert-Einstellung","Geruchsstoffe (zimtaldehydhaltig)","Wasser, gereinigtes","Octyldodecanol","(R,R,R)-α-Tocopherol"],"additiveSubstancesHtml":"<ul><li>Isopropanol</li><li>Dinatrium edetat-2-Wasser</li><li>Decyloleat</li><li>Sojaöl, raffiniert</li><li>Lecithin (Sojabohne)</li><li>Carbomer 980</li><li>Ammoniumhydroxid zur pH-Wert-Einstellung</li><li>Geruchsstoffe (zimtaldehydhaltig)</li><li>Wasser, gereinigtes</li><li>Octyldodecanol</li><li>(R,R,R)-α-Tocopherol</li></ul>","descriptionShort":"Zur äußerlichen Behandlung von Schmerzen, Entzündungen und Schwellungen","keywords":["diclofenac"],"unit":"g","unitQuantityString":"150","masterID":"04704198","indicationRanges":["Antirheumatika/ Antiphlogistika","Externa","Sportverletzungen"],"ratingCount":319,"averageRating":4.74,"attributes":["apothekenpflichtig","Arzneimittel"],"prescriptionMedicine":false,"price":765,"listPrice":1557,"netRetailPrice":659,"priceFormatted":"€ 7,65","listPriceFormatted":"€ 15,57","potency":"","ifap":"Das Arzneimittel ist ein schmerzstillendes und entzündungshemmendes Arzneimittel (nicht-steroidales Antiphlogistikum/Analgetikum). Anwendungsgebiet für ErwachseneDas Schmerzgel wird angewendet zur äußerlichen symptomatischen Behandlung von Schmerzen, Entzündungen und Schwellungen beirheumatischen Erkrankungen der Weichteile (Sehnen- und Sehnenscheidenentzündungen, Schleimbeutelentzündungen, Schulter-Arm-Syndrom, Entzündungen im Muskel- und Kapselbereich) degenerativen Erkrankungen der Extremitätengelenke und im Bereich der Wirbelsäule Sport- und Unfallverletzungen (Verstauchungen, Prellungen, Zerrungen). Anwendungsgebiet bei Jugendlichen über 14 JahrenZur Kurzzeitbehandlung. Zur lokalen, symptomatischen Behandlung von Schmerzen bei akuten Prellungen, Zerrungen oder Verstauchungen infolge eines stumpfen Traumas.","image":"https://cdn.shop-apotheke.com/images/diclo-ratiopharm-schmerzgel-gel-D10929990-p1.jpg","hasImage":true,"deeplink":"arzneimittel/10929990/diclo-ratiopharm-schmerzgel.htm","applicablePromotions":"","variantDetails":"04704198|10929990|51|150 g|765|arzneimittel/10929990/diclo-ratiopharm-schmerzgel.htm|product.stockStatus.available","stockStatus":"","stockStatusReason":"product.stockStatus.available","inStock":true,"pricePerUnit":"5,10 € / 100 g","discountInPercent":51,"created":1445173861000,"lastChanged":1598571862000,"ratingsLink":"/produktbewertungen/10929990/diclo-ratiopharm-schmerzgel.htm","ean":"","RPMultiplier":1,"ribbonText":"","primaryCategory":["Die Online-Apotheke für Deutschland","Die Online-Apotheke für Deutschland/Arzneimittel & weitere Produkte ","Die Online-Apotheke für Deutschland/Arzneimittel & weitere Produkte /Schmerzen","Die Online-Apotheke für Deutschland/Arzneimittel & weitere Produkte /Schmerzen/Äußerliche Anwendung","Die Online-Apotheke für Deutschland/Arzneimittel & weitere Produkte /Schmerzen/Äußerliche Anwendung/Schmerzgele & -salben"],"topsellerCountBucket":13,"filterAttributes":[],"filterRating":0.26,"packSize":"150 g","variants":[{"id":"04704198","text":"Zur äußerlichen Behandlung von Schmerzen, Entzündungen und Schwellungen","webDetailPath":"arzneimittel/4704198/diclo-ratiopharm-schmerzgel.htm","stock":"product.stockStatus.available","active":true,"discount":"47","retailPrice":"359","listPrice":"673","packSize":"50 g","nowProductGroup":"sameday_nextday","attributes":["apothekenpflichtig","Arzneimittel"],"productName":"Diclo-ratiopharm® Schmerzgel","pricePerUnit":"7,18 € / 100 g","imageUrl":"https://cdn.shop-apotheke.com/images/diclo-ratiopharm-schmerzgel-gel-D04704198-p1.jpg","pharmaForm":"Gel","ribbonText":"","RPMultiplier":"1"},{"id":"04704206","text":"Zur äußerlichen Behandlung von Schmerzen, Entzündungen und Schwellungen","webDetailPath":"arzneimittel/4704206/diclo-ratiopharm-schmerzgel.htm","stock":"product.stockStatus.available","active":false,"discount":"53","retailPrice":"561","listPrice":"1188","packSize":"100 g","nowProductGroup":"sameday_nextday","attributes":["apothekenpflichtig","Arzneimittel"],"productName":"Diclo-ratiopharm® Schmerzgel","pricePerUnit":"5,61 € / 100 g","imageUrl":"https://cdn.shop-apotheke.com/images/diclo-ratiopharm-schmerzgel-gel-D04704206-p1.jpg","pharmaForm":"Gel","ribbonText":"","RPMultiplier":"1"},{"id":"10929990","text":"Zur äußerlichen Behandlung von Schmerzen, Entzündungen und Schwellungen","webDetailPath":"arzneimittel/10929990/diclo-ratiopharm-schmerzgel.htm","stock":"product.stockStatus.available","active":false,"discount":"51","retailPrice":"765","listPrice":"1557","packSize":"150 g","nowProductGroup":"sameday_nextday","attributes":["apothekenpflichtig","Arzneimittel"],"productName":"Diclo-ratiopharm® Schmerzgel","pricePerUnit":"5,10 € / 100 g","imageUrl":"https://cdn.shop-apotheke.com/images/diclo-ratiopharm-schmerzgel-gel-D10929990-p1.jpg","pharmaForm":"Gel","ribbonText":"","RPMultiplier":"1"},{"id":"08097628","text":"Zur äußerlichen Behandlung von Schmerzen, Entzündungen und Schwellungen","webDetailPath":"arzneimittel/8097628/diclo-ratiopharm-schmerzgel.htm","stock":"product.stockStatus.available","active":false,"discount":"53","retailPrice":"1454","listPrice":"3114","packSize":"2x150 g","nowProductGroup":"sameday_nextday","attributes":["apothekenpflichtig","Arzneimittel"],"productName":"Diclo-ratiopharm® Schmerzgel","pricePerUnit":"48,47 € / kg","imageUrl":"https://cdn.shop-apotheke.com/images/diclo-ratiopharm-schmerzgel-gel-D08097628-p1.jpg","pharmaForm":"Gel","ribbonText":"Sparset","RPMultiplier":"1"}],"master":false,"marketplace":true,"nowProductGroup":"sameday_nextday","notOnStockMessage":"","stockStatusColor":"green","categoryCodes":["csd00001","csd00269","csd00271","csd00274","csd00276","csd00263","csd01121","csd03575","csd00283","csd03626","csd02283","csd01434","csd02271","csd02860","root","catalogs","main","landingpages","csd03339","csd03475"],"prices":{"listPrice":{"amount":15.57,"net":13.42,"currency":"EUR","info":{"index":1,"text":"AVP / UVP"}},"retailPrice":{"amount":7.65,"net":6.59,"currency":"EUR","info":{"index":1,"text":"AVP / UVP"}}},"calculatedRatingRanking":4.44,"objectID":"10929990","_highlightResult":{"activeSubstances":[{"value":"Diclofenac natrium","matchLevel":"none","matchedWords":[]}]},"_rankingInfo":{"nbTypos":0,"firstMatchedWord":0,"proximityDistance":0,"userScore":58,"geoDistance":0,"geoPrecision":1,"nbExactWords":0,"words":1,"filters":1,"personalization":{"score":0,"rankingScore":0,"filtersScore":0,"textualRelevanceBucket":1,"initialPosition":42,"newPosition":42}}},{"brandCode":"csd02865","pzn":"12521543","productName":"NasenDuo Nasenspray","secondaryCategories":["Erkältung & Grippe","Schnupfen","Landingpages","Unsere Topseller","Landingpages","Topseller","Landingpages","Topseller","Black Friday®","Erkältungs-Produkte","Landingpages","Weltgesundheitstag: Hausapotheke","Landingpages","SHOP APOTHEKE NOW!","Healthy Deals","Healthy Deals Reiseapotheke","Landingpages","Healthy Deals App-Angebote","Healthy Deals","RedPoints-Aktion"],"manufacturer":"ratiopharm GmbH","pharmaForm":"Nasenspray","brand":"NasenDuo","brandIntern":"ratiopharm","subBrandIntern":"NasenDuo","activeSubstances":["Dexpanthenol","Xylometazolin hydrochlorid"],"additiveSubstances":["Wasser für Injektionszwecke","Kaliumdihydrogenphosphat","Dinatriumhydrogenphosphat"],"additiveSubstancesHtml":"<ul><li>Wasser für Injektionszwecke</li><li>Kaliumdihydrogenphosphat</li><li>Dinatriumhydrogenphosphat</li></ul>","descriptionShort":"Zur Abschwellung der Nasenschleimhaut bei Schnupfen","keywords":[],"unit":"ml","unitQuantityString":"10","masterID":"12521543","indicationRanges":["Atemwegskrankheiten und grippale Infekte","Rhinologika, lokale Anwendung","Schnupfenmittel, Sympathomimetika-haltig"],"ratingCount":123,"averageRating":4.72,"attributes":["apothekenpflichtig","Arzneimittel"],"prescriptionMedicine":false,"price":388,"listPrice":622,"netRetailPrice":334,"priceFormatted":"€ 3,88","listPriceFormatted":"€ 6,22","potency":"","ifap":"Das Nasenspray enthält die Wirkstoffe Xylometazolinhydrochlorid und Dexpanthenol. Xylometazolin verengt die Gefäße und bewirkt dadurch eine Abschwellung der Nasenschleimhaut. Der zusätzlich enthaltene Wirkstoff Dexpanthenol ist ein Abkömmling des Vitamins Pantothensäure, das die Wundheilung fördert und die Schleimhäute schützt. Zur Abschwellung der Nasenschleimhaut bei Schnupfen und zur unterstützenden Behandlung der Heilung von Haut- und Schleimhautschäden (Läsionen), anfallsweise auftretendem Fließschnupfen (Rhinitis vasomotorica) und zur Behandlung der Nasenatmungsbehinderung nach operativen Eingriffen an der Nase. Zur Anwendung bei Erwachsenen und Kindern ab 6 Jahren. Wenn Sie sich nach 7 Tagen nicht besser oder gar schlechter fühlen, wenden Sie sich an Ihren Arzt.","image":"https://cdn.shop-apotheke.com/images/nasenduo-nasenspray-nasenspray-D12521543-p1.jpg","hasImage":true,"deeplink":"arzneimittel/12521543/nasenduo-nasenspray.htm","applicablePromotions":"","variantDetails":"12521543|12521543|38|10 ml|388|arzneimittel/12521543/nasenduo-nasenspray.htm|product.stockStatus.available","stockStatus":"","stockStatusReason":"product.stockStatus.available","inStock":true,"pricePerUnit":"38,80 € / 100 ml","discountInPercent":38,"created":1505896513000,"lastChanged":1598572304000,"ratingsLink":"/produktbewertungen/12521543/nasenduo-nasenspray.htm","ean":"","RPMultiplier":1,"ribbonText":"","primaryCategory":["Die Online-Apotheke für Deutschland","Die Online-Apotheke für Deutschland/Arzneimittel & weitere Produkte ","Die Online-Apotheke für Deutschland/Arzneimittel & weitere Produkte /Auge, Nase & Ohr","Die Online-Apotheke für Deutschland/Arzneimittel & weitere Produkte /Auge, Nase & Ohr/Nase","Die Online-Apotheke für Deutschland/Arzneimittel & weitere Produkte /Auge, Nase & Ohr/Nase/Schnupfen"],"topsellerCountBucket":13,"filterAttributes":[],"filterRating":0.28,"packSize":"10 ml","variants":[{"id":"12521543","text":"Zur Abschwellung der Nasenschleimhaut bei Schnupfen","webDetailPath":"arzneimittel/12521543/nasenduo-nasenspray.htm","stock":"product.stockStatus.available","active":true,"discount":"38","retailPrice":"388","listPrice":"622","packSize":"10 ml","nowProductGroup":"nextday","attributes":["apothekenpflichtig","Arzneimittel"],"productName":"NasenDuo Nasenspray","pricePerUnit":"38,80 € / 100 ml","imageUrl":"https://cdn.shop-apotheke.com/images/nasenduo-nasenspray-nasenspray-D12521543-p1.jpg","pharmaForm":"Nasenspray","ribbonText":"","RPMultiplier":"1"}],"master":true,"marketplace":true,"nowProductGroup":"nextday","notOnStockMessage":"","stockStatusColor":"green","categoryCodes":["csd00001","csd00020","csd00028","csd00033","csd00061","csd01060","csd01434","csd02271","csd02862","root","catalogs","main","landingpages","csd03273","csd02968","csd03288","csd03339","csd03461","csd03569","csd03647","csd03648","csd03939"],"prices":{"listPrice":{"amount":6.22,"net":5.36,"currency":"EUR","info":{"index":1,"text":"AVP / UVP"}},"retailPrice":{"amount":3.88,"net":3.34,"currency":"EUR","info":{"index":1,"text":"AVP / UVP"}}},"calculatedRatingRanking":4.08,"objectID":"12521543","_highlightResult":{"activeSubstances":[{"value":"Dexpanthenol","matchLevel":"none","matchedWords":[]},{"value":"Xylometazolin hydrochlorid","matchLevel":"none","matchedWords":[]}]},"_rankingInfo":{"nbTypos":0,"firstMatchedWord":0,"proximityDistance":0,"userScore":57,"geoDistance":0,"geoPrecision":1,"nbExactWords":0,"words":1,"filters":1,"personalization":{"score":0,"rankingScore":0,"filtersScore":0,"textualRelevanceBucket":1,"initialPosition":43,"newPosition":43}}},{"brandCode":"csd01709","pzn":"07147568","productName":"bite away® Cobra","secondaryCategories":["Reiseapotheke","Insekten- & Mückenschutz","Reiseapotheke","Reiseapotheke für Kinder","Landingpages","Unsere Top-Produkte","Landingpages","40 Reiseknüller","Landingpages","Top Kunden Sommer","Landingpages","SHOP APOTHEKE NOW!","Geschenke für Sie & Ihn","Geschenke für Sie","Specials","Muttertags-Special","Valentinstag-Special","Valentinstagsgeschenke für Frauen","Oster-Special","Geschenke für Sie","Redirects","Geschenke für die Dame","Muttertags-Special","Muttertags-Geschenke","Healthy Deals","Healthy Deals Reiseapotheke","Healthy Deals","Healthy Deals Aktionsprodukte","Landingpages","Insektenschutz & Sonnenbrand","Landingpages","Mücken- und Sonnenschutz","Landingpages","Sommerliche Erfrischung","Landingpages","Healthy Deals App-Angebote"],"manufacturer":"MibeTec GmbH","pharmaForm":"Stifte","brand":"Bite Away","brandIntern":"bite away®","subBrandIntern":"","activeSubstances":[],"additiveSubstances":[],"additiveSubstancesHtml":"","descriptionShort":"Zur äußeren Behandlung von Insektenstichen und -bissen","keywords":["stiche"],"unit":"St","unitQuantityString":"1","masterID":"07147568","indicationRanges":[],"ratingCount":176,"averageRating":4.67,"attributes":[],"prescriptionMedicine":false,"price":2377,"listPrice":2920,"netRetailPrice":2049,"priceFormatted":"€ 23,77","listPriceFormatted":"€ 29,20","potency":"","ifap":"","image":"https://cdn.shop-apotheke.com/images/bite-away-cobra-stifte-D07147568-p1.jpg","hasImage":true,"deeplink":"arzneimittel/7147568/bite-away-cobra.htm","applicablePromotions":"","variantDetails":"07147568|07147568|19|1 St|2377|arzneimittel/7147568/bite-away-cobra.htm|product.stockStatus.available","stockStatus":"","stockStatusReason":"product.stockStatus.available","inStock":true,"pricePerUnit":"","discountInPercent":19,"created":1445172334000,"lastChanged":1598570490000,"ratingsLink":"/produktbewertungen/7147568/bite-away-cobra.htm","ean":"4260071590015","RPMultiplier":1,"ribbonText":"","primaryCategory":["Die Online-Apotheke für Deutschland","Die Online-Apotheke für Deutschland/Arzneimittel & weitere Produkte ","Die Online-Apotheke für Deutschland/Arzneimittel & weitere Produkte /Haus- & Reiseapotheke","Die Online-Apotheke für Deutschland/Arzneimittel & weitere Produkte /Haus- & Reiseapotheke/Reiseapotheke","Die Online-Apotheke für Deutschland/Arzneimittel & weitere Produkte /Haus- & Reiseapotheke/Reiseapotheke/Sonnenbrand, Insektenstichen & Allergien"],"topsellerCountBucket":13,"filterAttributes":[],"filterRating":0.33,"packSize":"1 St","variants":[{"id":"07147568","text":"Zur äußeren Behandlung von Insektenstichen und -bissen","webDetailPath":"arzneimittel/7147568/bite-away-cobra.htm","stock":"product.stockStatus.available","active":true,"discount":"19","retailPrice":"2377","listPrice":"2920","packSize":"1 St","nowProductGroup":"sameday_nextday","attributes":[],"productName":"bite away® Cobra","pricePerUnit":"","imageUrl":"https://cdn.shop-apotheke.com/images/bite-away-cobra-stifte-D07147568-p1.jpg","pharmaForm":"Stifte","ribbonText":"","RPMultiplier":"1"}],"master":true,"marketplace":false,"nowProductGroup":"sameday_nextday","notOnStockMessage":"","stockStatusColor":"green","categoryCodes":["csd00001","csd00077","csd00116","csd01569","csd02320","csd01439","csd01434","csd01450","csd01578","csd02352","csd02369","csd02764","csd01447","csd02765","csd01435","csd02959","csd03055","root","catalogs","main","landingpages","csd03339","csd03460","csd03461","csd03506","csd02968","csd03569","csd03635","csd03715","csd03743","csd04004","csd04411","csd04412"],"prices":{"listPrice":{"amount":29.2,"net":25.17,"currency":"EUR","info":{"index":1,"text":"AVP / UVP"}},"retailPrice":{"amount":23.77,"net":20.49,"currency":"EUR","info":{"index":1,"text":"AVP / UVP"}}},"calculatedRatingRanking":4.19,"objectID":"07147568","_rankingInfo":{"nbTypos":0,"firstMatchedWord":0,"proximityDistance":0,"userScore":56,"geoDistance":0,"geoPrecision":1,"nbExactWords":0,"words":1,"filters":1,"personalization":{"score":0,"rankingScore":0,"filtersScore":0,"textualRelevanceBucket":1,"initialPosition":44,"newPosition":44}}},{"brandCode":"","pzn":"15661150","productName":"Doppelherz® system KOLLAGEN Beauty","secondaryCategories":["Hautbedürfnisse","Schönheit von Innen","Landingpages","SHOP APOTHEKE NOW!","Landingpages","RedPoints Aktion","Landingpages","Healthy Deals App-Angebote","Healthy Deals","Healthy Deals RedPoints","Healthy Deals","RedPoints-Aktion"],"manufacturer":"Queisser Pharma GmbH & Co. KG","pharmaForm":"Trinkampullen","brand":"","brandIntern":"Doppelherz®","subBrandIntern":"system","activeSubstances":["Kollagen","Betacaroten","Biotin","Zink citrat","Kohlpalmefrucht-Extrakt","Ascorbinsäure","Natrium ascorbat","D-Gluconsäure, Kupfer(II)-salz","DL-α-Tocopherol acetat"],"additiveSubstances":["Sucralose","Xanthan gummi","Natriumbenzoat","Saccharin natrium","Birnensaft-Konzentrat","Citronensäure","Kalium sorbat","Natrium cyclamat"],"additiveSubstancesHtml":"<ul><li>Sucralose</li><li>Xanthan gummi</li><li>Natriumbenzoat</li><li>Saccharin natrium</li><li>Birnensaft-Konzentrat</li><li>Citronensäure</li><li>Kalium sorbat</li><li>Natrium cyclamat</li></ul>","descriptionShort":"Mit Kollagen-Peptiden, Vitaminen, Mineralstoffen und Acaibeeren-Extrakt, mit Lychee-Melonen-Geschmack","keywords":[],"unit":"St","unitQuantityString":"10","masterID":"15661150","indicationRanges":["Ohne Angabe einer Indikation, da Nichtarzneimittel"],"ratingCount":188,"averageRating":4.49,"attributes":["Lebensmittel","Nahrungsergänzungsmittel"],"prescriptionMedicine":false,"price":1286,"listPrice":1750,"netRetailPrice":1109,"priceFormatted":"€ 12,86","listPriceFormatted":"€ 17,50","potency":"","ifap":"","image":"https://cdn.shop-apotheke.com/images/doppelherz-system-kollagen-beauty-trinkampullen-D15661150-p1.jpg","hasImage":true,"deeplink":"beauty/15661150/doppelherz-system-kollagen-beauty.htm","applicablePromotions":"","variantDetails":"15661150|15661150|27|10 St|1286|beauty/15661150/doppelherz-system-kollagen-beauty.htm|product.stockStatus.available","stockStatus":"","stockStatusReason":"product.stockStatus.available","inStock":true,"pricePerUnit":"","discountInPercent":27,"created":1571044686000,"lastChanged":1598591403000,"ratingsLink":"/produktbewertungen/15661150/doppelherz-system-kollagen-beauty.htm","ean":"4009932131079","RPMultiplier":1,"ribbonText":"","primaryCategory":["Die Online-Apotheke für Deutschland","Die Online-Apotheke für Deutschland/Arzneimittel & weitere Produkte ","Die Online-Apotheke für Deutschland/Arzneimittel & weitere Produkte /Haut, Haare & Nägel","Die Online-Apotheke für Deutschland/Arzneimittel & weitere Produkte /Haut, Haare & Nägel/Schönheit von innen","Die Online-Apotheke für Deutschland/Arzneimittel & weitere Produkte /Haut, Haare & Nägel/Schönheit von innen/Nahrungsergänzungsmittel"],"topsellerCountBucket":13,"filterAttributes":["Lebensmittel","Nahrungsergänzungsmittel"],"filterRating":0.51,"packSize":"10 St","variants":[{"id":"15661150","text":"Mit Kollagen-Peptiden, Vitaminen, Mineralstoffen und Acaibeeren-Extrakt, mit Lychee-Melonen-Geschmack","webDetailPath":"beauty/15661150/doppelherz-system-kollagen-beauty.htm","stock":"product.stockStatus.available","active":true,"discount":"27","retailPrice":"1286","listPrice":"1750","packSize":"10 St","nowProductGroup":"sameday_nextday","attributes":["Lebensmittel","Nahrungsergänzungsmittel"],"productName":"Doppelherz® system KOLLAGEN Beauty","pricePerUnit":"","imageUrl":"https://cdn.shop-apotheke.com/images/doppelherz-system-kollagen-beauty-trinkampullen-D15661150-p1.jpg","pharmaForm":"Trinkampullen","ribbonText":"","RPMultiplier":"1"},{"id":"13332904","text":"Mit Kollagen-Peptiden, Vitaminen, Mineralstoffen und Acaibeeren-Extrakt, mit Lychee-Melonen-Geschmack","webDetailPath":"beauty/13332904/doppelherz-system-kollagen-beauty.htm","stock":"product.stockStatus.available","active":false,"discount":"29","retailPrice":"3459","listPrice":"4869","packSize":"30 St","nowProductGroup":"nextday","attributes":["Lebensmittel","Nahrungsergänzungsmittel","ABO"],"productName":"Doppelherz® system KOLLAGEN Beauty","pricePerUnit":"","imageUrl":"https://cdn.shop-apotheke.com/images/doppelherz-system-kollagen-beauty-ampullen-D13332904-p1.jpg","pharmaForm":"Ampullen","ribbonText":"","RPMultiplier":"1"},{"id":"08102318","text":"Mit Kollagen-Peptiden, Vitaminen, Mineralstoffen und Açaibeeren-Extrakt, mit Lychee-Melonen-Geschmack","webDetailPath":"beauty/8102318/doppelherz-system-kollagen-beauty-doppelpack.htm","stock":"product.stockStatus.available","active":false,"discount":"35","retailPrice":"6326","listPrice":"9738","packSize":"2x30 St","nowProductGroup":"nextday","attributes":["Lebensmittel","Nahrungsergänzungsmittel","ABO"],"productName":"Doppelherz® system KOLLAGEN Beauty Doppelpack","pricePerUnit":"","imageUrl":"https://cdn.shop-apotheke.com/images/doppelherz-system-kollagen-beauty-doppelpack-trinkampullen-D08102318-p1.jpg","pharmaForm":"Trinkampullen","ribbonText":"","RPMultiplier":"1"}],"master":true,"marketplace":false,"nowProductGroup":"sameday_nextday","notOnStockMessage":"","stockStatusColor":"green","categoryCodes":["csd00001","csd00144","csd01088","csd00342","csd00398","csd00615","csd01370","root","catalogs","main","landingpages","csd02966","csd01434","csd02968","csd03288","csd03339","csd03461","csd03572"],"prices":{"listPrice":{"amount":17.5,"net":15.09,"currency":"EUR","info":{"index":1,"text":"AVP / UVP"}},"retailPrice":{"amount":12.86,"net":11.09,"currency":"EUR","info":{"index":1,"text":"AVP / UVP"}}},"calculatedRatingRanking":4.07,"objectID":"15661150","_highlightResult":{"activeSubstances":[{"value":"Kollagen","matchLevel":"none","matchedWords":[]},{"value":"Betacaroten","matchLevel":"none","matchedWords":[]},{"value":"Biotin","matchLevel":"none","matchedWords":[]},{"value":"Zink citrat","matchLevel":"none","matchedWords":[]},{"value":"Kohlpalmefrucht-Extrakt","matchLevel":"none","matchedWords":[]},{"value":"<ais-highlight-0000000000>A</ais-highlight-0000000000>scorbinsäure","matchLevel":"full","fullyHighlighted":false,"matchedWords":["a"]},{"value":"Natrium <ais-highlight-0000000000>a</ais-highlight-0000000000>scorbat","matchLevel":"full","fullyHighlighted":false,"matchedWords":["a"]},{"value":"D-Gluconsäure, Kupfer(II)-salz","matchLevel":"none","matchedWords":[]},{"value":"DL-α-Tocopherol <ais-highlight-0000000000>a</ais-highlight-0000000000>cetat","matchLevel":"full","fullyHighlighted":false,"matchedWords":["a"]}]},"_rankingInfo":{"nbTypos":0,"firstMatchedWord":0,"proximityDistance":0,"userScore":55,"geoDistance":0,"geoPrecision":1,"nbExactWords":0,"words":1,"filters":1,"personalization":{"score":0,"rankingScore":0,"filtersScore":0,"textualRelevanceBucket":1,"initialPosition":45,"newPosition":45}}},{"brandCode":"csd2333","pzn":"00619053","productName":"Canesten® EXTRA Nagelset","secondaryCategories":["Landingpages","Canesten® Haut- und Fußgesundheit","Black Friday®","30% und mehr","Pilzinfektion","Nagelpilz","Healthy Deals","Produkte ohne Versandkosten","Landingpages","Weltgesundheitstag: Hausapotheke","Landingpages","SHOP APOTHEKE NOW!","Landingpages","Mai Aktion","Landingpages","Mai Kracher","Landingpages","Healthy Deals App-Angebote","Healthy Deals","Healthy Deals Aktionsprodukte","Landingpages","RedPoints Sommeraktion","Landingpages","Sommerbeschwerden","Healthy Deals","Healthy Deals Reiseapotheke","Landingpages","Aktion RED-Points"],"manufacturer":"Bayer Vital GmbH","pharmaForm":"Salbe","brand":"Canesten EXTRA","brandIntern":"Canesten®","subBrandIntern":"EXTRA","activeSubstances":["Bifonazol","Harnstoff"],"additiveSubstances":["Vaselin, weißes","Wollwachs","Wachs, gebleichtes"],"additiveSubstancesHtml":"<ul><li>Vaselin, weißes</li><li>Wollwachs</li><li>Wachs, gebleichtes</li></ul>","descriptionShort":"Zur Behandlung von Nagelpilz durch die effektive 2-Phasen-Kurztherapie zusammen mit der Canesten® Extra Creme","keywords":["nagelpilz"],"unit":"St","unitQuantityString":"1","masterID":"00619053","indicationRanges":["Antimykotika","Externa","Kombinationen, corticoidfrei"],"ratingCount":84,"averageRating":4.33,"attributes":["apothekenpflichtig","Arzneimittel"],"prescriptionMedicine":false,"price":2783,"listPrice":3603,"netRetailPrice":2399,"priceFormatted":"€ 27,83","listPriceFormatted":"€ 36,03","potency":"","ifap":"Pilze wachsen in die Tiefe der Haut hinein und „verwurzeln&quot; sich dort meist mit einem Fadengeflecht. Bifonazol, ein wirksamer Bestandteil der Salbe, greift den Pilz in der Haut an. Harnstoff, ein weiterer wirksamer Bestandteil der Salbe, führt zur Erweichung der behandelten erkrankten Nagelbereiche, die dadurch leichter entfernt werden können. Das Präparat ist ein Arzneimittel zur nagelablösenden Behandlung von Pilzerkrankungen der Nägel an Händen und Füßen mit gleichzeitiger gegen Pilze gerichteter (antimykotischer) Wirkung.","image":"https://cdn.shop-apotheke.com/images/canesten-extra-nagelset-salbe-D00619053-p1.jpg","hasImage":true,"deeplink":"arzneimittel/619053/canesten-extra-nagelset.htm","applicablePromotions":"","variantDetails":"00619053|00619053|23|1 St|2783|arzneimittel/619053/canesten-extra-nagelset.htm|product.stockStatus.available","stockStatus":"","stockStatusReason":"product.stockStatus.available","inStock":true,"pricePerUnit":"","discountInPercent":23,"created":1445174102000,"lastChanged":1598612882000,"ratingsLink":"/produktbewertungen/619053/canesten-extra-nagelset.htm","ean":"","RPMultiplier":1,"ribbonText":"","primaryCategory":["Die Online-Apotheke für Deutschland","Die Online-Apotheke für Deutschland/Arzneimittel & weitere Produkte ","Die Online-Apotheke für Deutschland/Arzneimittel & weitere Produkte /Haut, Haare & Nägel","Die Online-Apotheke für Deutschland/Arzneimittel & weitere Produkte /Haut, Haare & Nägel/Nägel","Die Online-Apotheke für Deutschland/Arzneimittel & weitere Produkte /Haut, Haare & Nägel/Nägel/Nagelpilz"],"topsellerCountBucket":13,"filterAttributes":[],"filterRating":0.67,"packSize":"1 St","variants":[{"id":"00619053","text":"Zur Behandlung von Nagelpilz durch die effektive 2-Phasen-Kurztherapie zusammen mit der Canesten® Extra Creme","webDetailPath":"arzneimittel/619053/canesten-extra-nagelset.htm","stock":"product.stockStatus.available","active":true,"discount":"23","retailPrice":"2783","listPrice":"3603","packSize":"1 St","nowProductGroup":"nextday","attributes":["apothekenpflichtig","Arzneimittel"],"productName":"Canesten® EXTRA Nagelset","pricePerUnit":"","imageUrl":"https://cdn.shop-apotheke.com/images/canesten-extra-nagelset-salbe-D00619053-p1.jpg","pharmaForm":"Salbe","ribbonText":"","RPMultiplier":"1"}],"master":true,"marketplace":true,"nowProductGroup":"nextday","notOnStockMessage":"","stockStatusColor":"green","categoryCodes":["csd00001","csd00144","csd00172","csd00174","root","catalogs","main","landingpages","csd01680","csd01434","csd02968","csd02366","csd02271","csd02859","csd00158","csd00168","csd03108","csd03159","csd03339","csd03461","csd03569","csd03635","csd03939","csd03995","csd03997","csd04003","csd04394"],"prices":{"listPrice":{"amount":36.03,"net":31.06,"currency":"EUR","info":{"index":1,"text":"AVP / UVP"}},"retailPrice":{"amount":27.83,"net":23.99,"currency":"EUR","info":{"index":1,"text":"AVP / UVP"}}},"calculatedRatingRanking":3.65,"objectID":"00619053","_highlightResult":{"activeSubstances":[{"value":"Bifonazol","matchLevel":"none","matchedWords":[]},{"value":"Harnstoff","matchLevel":"none","matchedWords":[]}]},"_rankingInfo":{"nbTypos":0,"firstMatchedWord":0,"proximityDistance":0,"userScore":54,"geoDistance":0,"geoPrecision":1,"nbExactWords":0,"words":1,"filters":1,"personalization":{"score":0,"rankingScore":0,"filtersScore":0,"textualRelevanceBucket":1,"initialPosition":46,"newPosition":46}}},{"brandCode":"","pzn":"08105293","productName":"Mund- & Nasenschutz Einweg 3-lagig 10 Stück","secondaryCategories":["Landingpages","Healthy Deals App-Angebote","Healthy Deals","Healthy Deals RedPoints","Healthy Deals","RedPoints-Aktion","Landingpages","Newsletter Aktionen"],"manufacturer":"Diverse","pharmaForm":"Mundschutz","brand":"","brandIntern":"","subBrandIntern":"","activeSubstances":[],"additiveSubstances":[],"additiveSubstancesHtml":"","descriptionShort":"Zur Reduzierung einer Verbreitung von Bakterien und Viren","keywords":["mundschutz","schutzmaske","schutzmasken","masken","mundschutzmaske","maske","mundschutzmasken","atemschutzmasken","gesichtsmaske","atemschutz","Einmalmaske","atemschutzmaske","gesichtsmasken","coronamaske","coronamasken","behelfsmaske","behelfsmasken"],"unit":"St","unitQuantityString":"10","masterID":"08105293","indicationRanges":[],"ratingCount":26,"averageRating":4,"attributes":[],"prescriptionMedicine":false,"price":1071,"listPrice":0,"netRetailPrice":923,"priceFormatted":"€ 10,71","listPriceFormatted":"","potency":"","ifap":"","image":"https://cdn.shop-apotheke.com/images/mund-nasenschutz-einweg-3-lagig-10-stueck-mundschutz-D08105293-p1.jpg","hasImage":true,"deeplink":"arzneimittel/8105293/mund-nasenschutz-einweg-3-lagig-10-stueck.htm","applicablePromotions":"","variantDetails":"08105293|08105293|0|10 St|1071|arzneimittel/8105293/mund-nasenschutz-einweg-3-lagig-10-stueck.htm|product.stockStatus.available","stockStatus":"","stockStatusReason":"product.stockStatus.available","inStock":true,"pricePerUnit":"","discountInPercent":0,"created":1589524327000,"lastChanged":1598571039000,"ratingsLink":"/produktbewertungen/8105293/mund-nasenschutz-einweg-3-lagig-10-stueck.htm","ean":"4038732125599","RPMultiplier":1,"ribbonText":"","primaryCategory":["Die Online-Apotheke für Deutschland","Die Online-Apotheke für Deutschland/Arzneimittel & weitere Produkte ","Die Online-Apotheke für Deutschland/Arzneimittel & weitere Produkte /Krankenpflege","Die Online-Apotheke für Deutschland/Arzneimittel & weitere Produkte /Krankenpflege/Schutzkleidung"],"topsellerCountBucket":13,"filterAttributes":[],"filterRating":1,"packSize":"10 St","variants":[{"id":"08105293","text":"Zur Reduzierung einer Verbreitung von Bakterien und Viren","webDetailPath":"arzneimittel/8105293/mund-nasenschutz-einweg-3-lagig-10-stueck.htm","stock":"product.stockStatus.available","active":true,"discount":"0","retailPrice":"1071","listPrice":"0","packSize":"10 St","nowProductGroup":"sameday_nextday","attributes":[],"productName":"Mund- & Nasenschutz Einweg 3-lagig 10 Stück","pricePerUnit":"","imageUrl":"https://cdn.shop-apotheke.com/images/mund-nasenschutz-einweg-3-lagig-10-stueck-mundschutz-D08105293-p1.jpg","pharmaForm":"Mundschutz","ribbonText":"","RPMultiplier":"1"}],"master":true,"marketplace":false,"nowProductGroup":"sameday_nextday","notOnStockMessage":"","stockStatusColor":"green","categoryCodes":["csd00001","csd00195","csd03992","root","catalogs","main","landingpages","csd02984","csd01434","csd02968","csd03288","csd03461","csd03572"],"prices":{"listPrice":null,"retailPrice":{"amount":10.71,"net":9.23,"currency":"EUR","info":{"index":1,"text":"AVP / UVP"}}},"calculatedRatingRanking":3.01,"objectID":"08105293","_rankingInfo":{"nbTypos":0,"firstMatchedWord":0,"proximityDistance":0,"userScore":53,"geoDistance":0,"geoPrecision":1,"nbExactWords":0,"words":1,"filters":1,"personalization":{"score":0,"rankingScore":0,"filtersScore":0,"textualRelevanceBucket":1,"initialPosition":47,"newPosition":47}}},{"brandCode":"csd2647","pzn":"13856702","productName":"Olynth Plus 0,05 % / 5 % Nasenspray für Kinder von 2 bis 6 Jahren","secondaryCategories":["Nase","Schnupfen","Erkältung & Grippe","Schnupfen","Landingpages","SHOP APOTHEKE NOW!"],"manufacturer":"Johnson & Johnson GmbH (OTC)","pharmaForm":"Nasenspray","brand":"Olynth","brandIntern":"Olynth®","subBrandIntern":"","activeSubstances":["Dexpanthenol","Xylometazolin hydrochlorid"],"additiveSubstances":["Kaliumdihydrogenphosphat","Wasser, gereinigtes","Dinatriumhydrogenphosphat-12-Wasser"],"additiveSubstancesHtml":"<ul><li>Kaliumdihydrogenphosphat</li><li>Wasser, gereinigtes</li><li>Dinatriumhydrogenphosphat-12-Wasser</li></ul>","descriptionShort":"Befreit die Nase, fördert die Wundheilung und schützt die Nasenschleimhaut","keywords":["Nasenspray Kinder","Schnupfen Kinder","Kindernasenspray"],"unit":"ml","unitQuantityString":"10","masterID":"13856702","indicationRanges":["Atemwegskrankheiten und grippale Infekte","Rhinologika, lokale Anwendung","Schnupfenmittel, Sympathomimetika-haltig"],"ratingCount":1,"averageRating":5,"attributes":["apothekenpflichtig","Arzneimittel"],"prescriptionMedicine":false,"price":351,"listPrice":483,"netRetailPrice":303,"priceFormatted":"€ 3,51","listPriceFormatted":"€ 4,83","potency":"","ifap":"Das Nasenspray enthält die Wirkstoffe Xylometazolinhydrochlorid und Dexpanthenol. Xylometazolin verengt die Gefäße und bewirkt dadurch eine Abschwellung der Nasenschleimhaut. Der zusätzlich enthaltene Wirkstoff Dexpanthenol ist ein Abkömmling des Vitamins Pantothensäure, das die Wundheilung fördert und die Schleimhäute schützt. Zur Abschwellung der Nasenschleimhaut bei Schnupfen und zur unterstützenden Behandlung der Heilung von Haut- und Schleimhautschäden (Läsionen), anfallsweise auftretendem Fließschnupfen (Rhinitis vasomotorica) und zur Behandlung der Nasenatmungsbehinderung nach operativen Eingriffen an der Nase. Zur Anwendung bei Kindern zwischen 2 und 6 Jahren. Wenn Sie sich nach 7 Tagen nicht besser oder gar schlechter fühlen, wenden Sie sich an Ihren Arzt.","image":"https://cdn.shop-apotheke.com/images/olynth-plus-0-05-5-nasenspray-fuer-kinder-von-2-bis-6-jahren-nasenspray-D13856702-p1.jpg","hasImage":true,"deeplink":"baby/13856702/olynth-plus-0-05-5-nasenspray-fuer-kinder-von-2-bis-6-jahren.htm","applicablePromotions":"","variantDetails":"13856702|13856702|27|10 ml|351|baby/13856702/olynth-plus-0-05-5-nasenspray-fuer-kinder-von-2-bis-6-jahren.htm|product.stockStatus.available","stockStatus":"","stockStatusReason":"product.stockStatus.available","inStock":true,"pricePerUnit":"35,10 € / 100 ml","discountInPercent":27,"created":1568707269000,"lastChanged":1598608323000,"ratingsLink":"/produktbewertungen/13856702/olynth-plus-0-05-5-nasenspray-fuer-kinder-von-2-bis-6-jahren.htm","ean":"","RPMultiplier":1,"ribbonText":"","primaryCategory":["Die Online-Apotheke für Deutschland","Die Online-Apotheke für Deutschland/Baby & Familie","Die Online-Apotheke für Deutschland/Baby & Familie/Rund ums Baby","Die Online-Apotheke für Deutschland/Baby & Familie/Rund ums Baby/Baby- & Kindergesundheit","Die Online-Apotheke für Deutschland/Baby & Familie/Rund ums Baby/Baby- & Kindergesundheit/Erkältung, Schmerzen & Fieber"],"topsellerCountBucket":12,"filterAttributes":[],"filterRating":0,"packSize":"10 ml","variants":[{"id":"13856702","text":"Befreit die Nase, fördert die Wundheilung und schützt die Nasenschleimhaut","webDetailPath":"baby/13856702/olynth-plus-0-05-5-nasenspray-fuer-kinder-von-2-bis-6-jahren.htm","stock":"product.stockStatus.available","active":true,"discount":"27","retailPrice":"351","listPrice":"483","packSize":"10 ml","nowProductGroup":"sameday_nextday","attributes":["apothekenpflichtig","Arzneimittel"],"productName":"Olynth Plus 0,05 % / 5 % Nasenspray für Kinder von 2 bis 6 Jahren","pricePerUnit":"35,10 € / 100 ml","imageUrl":"https://cdn.shop-apotheke.com/images/olynth-plus-0-05-5-nasenspray-fuer-kinder-von-2-bis-6-jahren-nasenspray-D13856702-p1.jpg","pharmaForm":"Nasenspray","ribbonText":"","RPMultiplier":"1"}],"master":true,"marketplace":true,"nowProductGroup":"sameday_nextday","notOnStockMessage":"","stockStatusColor":"green","categoryCodes":["csd00362","csd02667","csd00372","csd00374","csd00001","csd00020","csd00028","csd00033","csd00061","csd01060","root","catalogs","main","landingpages","csd03339"],"prices":{"listPrice":{"amount":4.83,"net":4.16,"currency":"EUR","info":{"index":1,"text":"AVP / UVP"}},"retailPrice":{"amount":3.51,"net":3.03,"currency":"EUR","info":{"index":1,"text":"AVP / UVP"}}},"calculatedRatingRanking":2.55,"objectID":"13856702","_highlightResult":{"activeSubstances":[{"value":"Dexpanthenol","matchLevel":"none","matchedWords":[]},{"value":"Xylometazolin hydrochlorid","matchLevel":"none","matchedWords":[]}]},"_rankingInfo":{"nbTypos":0,"firstMatchedWord":0,"proximityDistance":0,"userScore":52,"geoDistance":0,"geoPrecision":1,"nbExactWords":0,"words":1,"filters":1,"personalization":{"score":0,"rankingScore":0,"filtersScore":0,"textualRelevanceBucket":1,"initialPosition":48,"newPosition":48}}},{"brandCode":"","pzn":"13334837","productName":"Kneipp® Geschenkpackung Wintertraum","secondaryCategories":["Hautbedürfnisse","Körperpflege","Unsere Set-Angebote","Beauty-Sets","Geschenke Themenwelt","Wellness schenken","Geschenke aus der Apotheke","Geschenksets","Geschenke nach Budget","Geschenke bis 10 Euro","Valentinstag-Special","Valentinstagsgeschenksets","Black Friday®","Geschenksets","Muttertags-Special","Geschenksets zum Muttertag","Oster-Special","Geschenksets zu Ostern","Valentins-Special","Geschenksets für Sie & Ihn","Weihnachts-Special","Besonders bezaubernde Geschenksets","Black Friday®","Geschenke für Sie","Landingpages","Adventskalender Türchen 11","Geschenke für Sie & Ihn","Geschenke für Sie","Specials","Muttertags-Special","Redirects","Geschenke für die Dame","Valentinstag-Special","Valentinstagsgeschenke für Frauen","Oster-Special","Geschenke für Sie","Muttertags-Special","Muttertags-Geschenke","Landingpages","SHOP APOTHEKE NOW!","Healthy Deals","RedPoints-Aktion"],"manufacturer":"Kneipp GmbH","pharmaForm":"Set","brand":"","brandIntern":"Kneipp®","subBrandIntern":"","activeSubstances":[],"additiveSubstances":[],"additiveSubstancesHtml":"","descriptionShort":"Mit einen  wohlig-warmen Duft, der die Seele streichelt","keywords":[],"unit":"St","unitQuantityString":"1","masterID":"13334837","indicationRanges":[],"ratingCount":1,"averageRating":5,"attributes":[],"prescriptionMedicine":false,"price":774,"listPrice":990,"netRetailPrice":667,"priceFormatted":"€ 7,74","listPriceFormatted":"€ 9,90","potency":"","ifap":"","image":"https://cdn.shop-apotheke.com/images/kneipp-geschenkpackung-wintertraum-set-D13334837-p1.jpg","hasImage":true,"deeplink":"beauty/13334837/kneipp-geschenkpackung-wintertraum.htm","applicablePromotions":"","variantDetails":"13334837|13334837|22|1 St|774|beauty/13334837/kneipp-geschenkpackung-wintertraum.htm|product.stockStatus.available","stockStatus":"","stockStatusReason":"product.stockStatus.available","inStock":true,"pricePerUnit":"","discountInPercent":22,"created":1507190115000,"lastChanged":1598572420000,"ratingsLink":"/produktbewertungen/13334837/kneipp-geschenkpackung-wintertraum.htm","ean":"4008233145785","RPMultiplier":1,"ribbonText":"","primaryCategory":["Die Online-Apotheke für Deutschland","Die Online-Apotheke für Deutschland/Beauty & Pflege","Die Online-Apotheke für Deutschland/Beauty & Pflege/Pflegende Kosmetik","Die Online-Apotheke für Deutschland/Beauty & Pflege/Pflegende Kosmetik/Kneipp","Die Online-Apotheke für Deutschland/Beauty & Pflege/Pflegende Kosmetik/Kneipp/Körperpflege"],"topsellerCountBucket":12,"filterAttributes":[],"filterRating":0,"packSize":"1 St","variants":[{"id":"13334837","text":"Mit einen  wohlig-warmen Duft, der die Seele streichelt","webDetailPath":"beauty/13334837/kneipp-geschenkpackung-wintertraum.htm","stock":"product.stockStatus.available","active":true,"discount":"22","retailPrice":"774","listPrice":"990","packSize":"1 St","nowProductGroup":"sameday_nextday","attributes":[],"productName":"Kneipp® Geschenkpackung Wintertraum","pricePerUnit":"","imageUrl":"https://cdn.shop-apotheke.com/images/kneipp-geschenkpackung-wintertraum-set-D13334837-p1.jpg","pharmaForm":"Set","ribbonText":"","RPMultiplier":"1"}],"master":true,"marketplace":true,"nowProductGroup":"sameday_nextday","notOnStockMessage":"","stockStatusColor":"green","categoryCodes":["csd00398","csd01229","csd00628","csd00633","csd00615","csd00620","csd00846","csd00847","csd02320","csd01439","csd01446","csd01448","csd00001","csd01434","csd01450","csd02764","csd01457","csd02271","csd02276","csd02352","csd02369","csd01447","csd02765","csd02768","csd02769","csd02770","csd02771","csd01454","csd02776","csd02956","csd01435","csd02959","csd03054","csd03055","csd02968","csd03288","csd03337","root","catalogs","main","landingpages","csd03339","csd03669","csd03681"],"prices":{"listPrice":{"amount":9.9,"net":8.53,"currency":"EUR","info":{"index":1,"text":"AVP / UVP"}},"retailPrice":{"amount":7.74,"net":6.67,"currency":"EUR","info":{"index":1,"text":"AVP / UVP"}}},"calculatedRatingRanking":2.55,"objectID":"13334837","_rankingInfo":{"nbTypos":0,"firstMatchedWord":0,"proximityDistance":0,"userScore":51,"geoDistance":0,"geoPrecision":1,"nbExactWords":0,"words":1,"filters":1,"personalization":{"score":0,"rankingScore":0,"filtersScore":0,"textualRelevanceBucket":1,"initialPosition":49,"newPosition":49}}},{"brandCode":"csd03698","pzn":"08058165","productName":"Allergie-Set Cetirizin-ratiopharm® + Bepanthen® Augen-und Nasensalbe","secondaryCategories":["Allergie & Asthma","Allergiemittel zum Einnehmen","Allergie & Asthma","% Allergie-Setangebote %","Black Friday®","50% und mehr","Landingpages","SHOP APOTHEKE NOW!"],"manufacturer":"Diverse","pharmaForm":"Set","brand":"ratiopharm","brandIntern":"","subBrandIntern":"","activeSubstances":[],"additiveSubstances":[],"additiveSubstancesHtml":"","descriptionShort":"Zur Linderung von Allergie-Symptomen","keywords":["allergietabletten","allergietablette","allergie tabletten","allergie tablette","ceterizin","cetrizin","cetrizitin"],"unit":"St","unitQuantityString":"1","masterID":"08058165","indicationRanges":[],"ratingCount":4,"averageRating":5,"attributes":["apothekenpflichtig","Arzneimittel"],"prescriptionMedicine":false,"price":1899,"listPrice":4038,"netRetailPrice":1637,"priceFormatted":"€ 18,99","listPriceFormatted":"€ 40,38","potency":"","ifap":"","image":"https://cdn.shop-apotheke.com/images/allergie-set-cetirizin-ratiopharm-bepanthen-augen-und-nasensalbe-set-D08058165-p1.jpg","hasImage":true,"deeplink":"arzneimittel/8058165/allergie-set-cetirizin-ratiopharm-bepanthen-augen-und-nasensalbe.htm","applicablePromotions":"promotion=Sparsets","variantDetails":"08058165|08058165|53|1 St|1899|arzneimittel/8058165/allergie-set-cetirizin-ratiopharm-bepanthen-augen-und-nasensalbe.htm|product.stockStatus.available","stockStatus":"","stockStatusReason":"product.stockStatus.available","inStock":true,"pricePerUnit":"","discountInPercent":53,"created":1445173216000,"lastChanged":1598570904000,"ratingsLink":"/produktbewertungen/8058165/allergie-set-cetirizin-ratiopharm-bepanthen-augen-und-nasensalbe.htm","ean":"","RPMultiplier":1,"ribbonText":"Sparset","primaryCategory":["Die Online-Apotheke für Deutschland","Die Online-Apotheke für Deutschland/Arzneimittel & weitere Produkte ","Die Online-Apotheke für Deutschland/Arzneimittel & weitere Produkte /Allergie & Asthma","Die Online-Apotheke für Deutschland/Arzneimittel & weitere Produkte /Allergie & Asthma/Kombipackungen & Inhalation"],"topsellerCountBucket":12,"filterAttributes":[],"filterRating":0,"packSize":"1 St","variants":[{"id":"08058165","text":"Zur Linderung von Allergie-Symptomen","webDetailPath":"arzneimittel/8058165/allergie-set-cetirizin-ratiopharm-bepanthen-augen-und-nasensalbe.htm","stock":"product.stockStatus.available","active":true,"discount":"53","retailPrice":"1899","listPrice":"4038","packSize":"1 St","nowProductGroup":"sameday_nextday","attributes":["apothekenpflichtig","Arzneimittel"],"productName":"Allergie-Set Cetirizin-ratiopharm® + Bepanthen® Augen-und Nasensalbe","pricePerUnit":"","imageUrl":"https://cdn.shop-apotheke.com/images/allergie-set-cetirizin-ratiopharm-bepanthen-augen-und-nasensalbe-set-D08058165-p1.jpg","pharmaForm":"Set","ribbonText":"Sparset","RPMultiplier":"1"}],"master":true,"marketplace":true,"nowProductGroup":"sameday_nextday","notOnStockMessage":"","stockStatusColor":"green","categoryCodes":["csd00001","csd00010","csd00019","csd00011","csd02351","csd01434","csd02271","csd02860","root","catalogs","main","landingpages","csd03339"],"prices":{"listPrice":{"amount":40.38,"net":34.81,"currency":"EUR","info":{"index":1,"text":"AVP / UVP"}},"retailPrice":{"amount":18.99,"net":16.37,"currency":"EUR","info":{"index":1,"text":"AVP / UVP"}}},"calculatedRatingRanking":2.69,"objectID":"08058165","_rankingInfo":{"nbTypos":0,"firstMatchedWord":0,"proximityDistance":0,"userScore":150,"geoDistance":0,"geoPrecision":1,"nbExactWords":0,"words":1,"filters":1,"personalization":{"score":0,"rankingScore":0,"filtersScore":0,"textualRelevanceBucket":1,"initialPosition":50,"newPosition":50}}},{"brandCode":"","pzn":"01384681","productName":"Azur® Tabletten","secondaryCategories":["Landingpages","NOW! Schmerzen","Landingpages","NOW! Reiseapotheke","Erkältung & Grippe","Fiebersenkende Schmerzmittel","Kopfschmerzen","Schmerzmittel mit Koffein","Landingpages","SHOP APOTHEKE NOW!","Healthy Deals","Healthy Deals Reiseapotheke","Landingpages","Healthy Deals App-Angebote","Healthy Deals","RedPoints-Aktion"],"manufacturer":"Aristo Pharma GmbH","pharmaForm":"Tabletten","brand":"","brandIntern":"Azur®","subBrandIntern":"","activeSubstances":["Paracetamol","Coffein"],"additiveSubstances":["Magnesium stearat","Crospovidon","Siliciumdioxid, hochdisperses","Cellulose, mikrokristalline","Maisstärke"],"additiveSubstancesHtml":"<ul><li>Magnesium stearat</li><li>Crospovidon</li><li>Siliciumdioxid, hochdisperses</li><li>Cellulose, mikrokristalline</li><li>Maisstärke</li></ul>","descriptionShort":"Tabletten zur Einnahme bei leichten bis mäßig starken Schmerzen","keywords":["Kopfschmerztabletten","Paracetamol","Schmerztabletten"],"unit":"St","unitQuantityString":"20","masterID":"01384681","indicationRanges":["Analgetika/ Antipyretika","Antipyretisch wirkende Analgetika","Kombinationen, coffeinhaltig"],"ratingCount":1,"averageRating":5,"attributes":["apothekenpflichtig","Arzneimittel"],"prescriptionMedicine":false,"price":264,"listPrice":336,"netRetailPrice":228,"priceFormatted":"€ 2,64","listPriceFormatted":"€ 3,36","potency":"","ifap":"Das Präparat ist eine Kombination aus Paracetamol, einem schmerzstillenden, fiebersenkenden Arzneimittel (Analgetika und Antipyretika), und Coffein. Das Arzneimittel wird angewendet zur symptomatischen Behandlung von leichten bis mäßig starken Schmerzen (wie Kopfschmerzen, Zahnschmerzen, Regelschmerzen).","image":"https://cdn.shop-apotheke.com/images/azur-tabletten-tabletten-D01384681-p1.jpg","hasImage":true,"deeplink":"arzneimittel/1384681/azur-tabletten.htm","applicablePromotions":"","variantDetails":"01384681|01384681|21|20 St|264|arzneimittel/1384681/azur-tabletten.htm|product.stockStatus.available","stockStatus":"","stockStatusReason":"product.stockStatus.available","inStock":true,"pricePerUnit":"","discountInPercent":21,"created":1445163328000,"lastChanged":1598568750000,"ratingsLink":"/produktbewertungen/1384681/azur-tabletten.htm","ean":"","RPMultiplier":1,"ribbonText":"","primaryCategory":["Die Online-Apotheke für Deutschland","Die Online-Apotheke für Deutschland/Arzneimittel & weitere Produkte ","Die Online-Apotheke für Deutschland/Arzneimittel & weitere Produkte /Schmerzen","Die Online-Apotheke für Deutschland/Arzneimittel & weitere Produkte /Schmerzen/Fiebersenkende Schmerzmittel"],"topsellerCountBucket":12,"filterAttributes":[],"filterRating":0,"packSize":"20 St","variants":[{"id":"01384681","text":"Tabletten zur Einnahme bei leichten bis mäßig starken Schmerzen","webDetailPath":"arzneimittel/1384681/azur-tabletten.htm","stock":"product.stockStatus.available","active":true,"discount":"21","retailPrice":"264","listPrice":"336","packSize":"20 St","nowProductGroup":"sameday_nextday","attributes":["apothekenpflichtig","Arzneimittel"],"productName":"Azur® Tabletten","pricePerUnit":"","imageUrl":"https://cdn.shop-apotheke.com/images/azur-tabletten-tabletten-D01384681-p1.jpg","pharmaForm":"Tabletten","ribbonText":"","RPMultiplier":"1"}],"master":true,"marketplace":true,"nowProductGroup":"sameday_nextday","notOnStockMessage":"","stockStatusColor":"green","categoryCodes":["csd00001","csd00269","csd00275","csd00061","csd01059","csd02394","csd02401","csd01434","csd02968","csd03288","root","catalogs","main","landingpages","csd03339","csd03461","csd03475","csd03476","csd03569"],"prices":{"listPrice":{"amount":3.36,"net":2.9,"currency":"EUR","info":{"index":1,"text":"AVP / UVP"}},"retailPrice":{"amount":2.64,"net":2.28,"currency":"EUR","info":{"index":1,"text":"AVP / UVP"}}},"calculatedRatingRanking":2.55,"objectID":"01384681","_highlightResult":{"activeSubstances":[{"value":"Paracetamol","matchLevel":"none","matchedWords":[]},{"value":"Coffein","matchLevel":"none","matchedWords":[]}]},"_rankingInfo":{"nbTypos":0,"firstMatchedWord":0,"proximityDistance":0,"userScore":149,"geoDistance":0,"geoPrecision":1,"nbExactWords":0,"words":1,"filters":1,"personalization":{"score":0,"rankingScore":0,"filtersScore":0,"textualRelevanceBucket":1,"initialPosition":51,"newPosition":51}}},{"brandCode":"csd2647","pzn":"04300124","productName":"Olynth® E 0,1% Nasenspray Schulkinder und Erwachsene","secondaryCategories":["Erkältung & Grippe","Schnupfen","RedPoints Aktionswoche - Gute Vorsätze","Beauty ","Black Friday®","30% und mehr","Landingpages","NOW! Erkältung","Landingpages","Flash Deal Erkaeltung","Landingpages","NOW! Reiseapotheke","Landingpages","Unsere Topseller","Landingpages","Topseller","Landingpages","Topseller","Black Friday®","Erkältungs-Produkte","UNSERE ADVENTS-ÜBERASCHUNG EXKLUSIV FÜR UNSERE BESTEN KUNDEN.","Advent 3","Landingpages","100 Topseller","Landingpages","SHOP APOTHEKE NOW!","Landingpages","Top 100"],"manufacturer":"Johnson & Johnson GmbH (OTC)","pharmaForm":"Nasendosierspray","brand":"Olynth","brandIntern":"Olynth®","subBrandIntern":"","activeSubstances":["Xylometazolin hydrochlorid"],"additiveSubstances":["Dinatrium edetat-2-Wasser","Benzalkonium chlorid","Wasser, gereinigtes","Natriumchlorid","Natriumdihydrogenphosphat-2-Wasser","Dinatriumhydrogenphosphat-2-Wasser","Sorbitol 70"],"additiveSubstancesHtml":"<ul><li>Dinatrium edetat-2-Wasser</li><li>Benzalkonium chlorid</li><li>Wasser, gereinigtes</li><li>Natriumchlorid</li><li>Natriumdihydrogenphosphat-2-Wasser</li><li>Dinatriumhydrogenphosphat-2-Wasser</li><li>Sorbitol 70</li></ul>","descriptionShort":"Befreit verstopfte Nasen schnell und langhaltend für bis zu 12 Stunden","keywords":["erkältung","schnupfen","nasezu"],"unit":"ml","unitQuantityString":"15","masterID":"02340421","indicationRanges":["Atemwegskrankheiten und grippale Infekte","Rhinologika, lokale Anwendung","Schnupfenmittel, Sympathomimetika-haltig"],"ratingCount":54,"averageRating":4.98,"attributes":["apothekenpflichtig","Arzneimittel"],"prescriptionMedicine":false,"price":368,"listPrice":582,"netRetailPrice":317,"priceFormatted":"€ 3,68","listPriceFormatted":"€ 5,82","potency":"","ifap":"Das Dosierspray ist ein Schnupfenmittel (Rhinologikum, Alpha-Sympathomimetikum). Der Wirkstoff Xylometazolinhydrochlorid hat gefäßverengende Eigenschaften und bewirkt dadurch eine Abschwellung der Nasenschleimhaut. Das Dosierspray wird angewendetzur Abschwellung der Nasenschleimhaut bei Schnupfen, anfallsweise auftretendem Fließschnupfen (Rhinitis vasomotorica) und allergischem Schnupfen (Rhinitis allergica). zur Erleichterung des Abfließens des Sekrets bei Entzündungen der Nasennebenhöhlen sowie bei Mittelohrentzündung (Katarrh des Tubenmittelohrs) in Verbindung mit Schnupfen. Das Dosierspray ist für Schulkinder und Erwachsene bestimmt.","image":"https://cdn.shop-apotheke.com/images/olynth-e-0-1-nasenspray-schulkinder-und-erwachsene-nasendosierspray-D04300124-p1.jpg","hasImage":true,"deeplink":"arzneimittel/4300124/olynth-e-0-1-nasenspray-schulkinder-und-erwachsene.htm","applicablePromotions":"","variantDetails":"02340421|04300124|37|15 ml|368|arzneimittel/4300124/olynth-e-0-1-nasenspray-schulkinder-und-erwachsene.htm|product.stockStatus.available","stockStatus":"","stockStatusReason":"product.stockStatus.available","inStock":true,"pricePerUnit":"24,53 € / 100 ml","discountInPercent":37,"created":1445169350000,"lastChanged":1598569791000,"ratingsLink":"/produktbewertungen/4300124/olynth-e-0-1-nasenspray-schulkinder-und-erwachsene.htm","ean":"","RPMultiplier":1,"ribbonText":"","primaryCategory":["Die Online-Apotheke für Deutschland","Die Online-Apotheke für Deutschland/Arzneimittel & weitere Produkte ","Die Online-Apotheke für Deutschland/Arzneimittel & weitere Produkte /Auge, Nase & Ohr","Die Online-Apotheke für Deutschland/Arzneimittel & weitere Produkte /Auge, Nase & Ohr/Nase","Die Online-Apotheke für Deutschland/Arzneimittel & weitere Produkte /Auge, Nase & Ohr/Nase/Schnupfen"],"topsellerCountBucket":12,"filterAttributes":[],"filterRating":0.02,"packSize":"15 ml","variants":[{"id":"02340421","text":"Befreit verstopfte Nasen schnell und langhaltend für bis zu 12 Stunden","webDetailPath":"arzneimittel/2340421/olynth-0-1-schnupfen-dosierspray.htm","stock":"product.stockStatus.available","active":true,"discount":"38","retailPrice":"261","listPrice":"418","packSize":"10 ml","nowProductGroup":"none","attributes":["apothekenpflichtig","Arzneimittel"],"productName":"Olynth 0,1% Schnupfen Dosierspray","pricePerUnit":"26,10 € / 100 ml","imageUrl":"https://cdn.shop-apotheke.com/images/olynth-0-1-schnupfen-dosierspray-nasendosierspray-D02340421-p1.jpg","pharmaForm":"Nasendosierspray","ribbonText":"","RPMultiplier":"1"},{"id":"04300124","text":"Befreit verstopfte Nasen schnell und langhaltend für bis zu 12 Stunden","webDetailPath":"arzneimittel/4300124/olynth-e-0-1-nasenspray-schulkinder-und-erwachsene.htm","stock":"product.stockStatus.available","active":false,"discount":"37","retailPrice":"368","listPrice":"582","packSize":"15 ml","nowProductGroup":"sameday_nextday","attributes":["apothekenpflichtig","Arzneimittel"],"productName":"Olynth® E 0,1% Nasenspray Schulkinder und Erwachsene","pricePerUnit":"24,53 € / 100 ml","imageUrl":"https://cdn.shop-apotheke.com/images/olynth-e-0-1-nasenspray-schulkinder-und-erwachsene-nasendosierspray-D04300124-p1.jpg","pharmaForm":"Nasendosierspray","ribbonText":"","RPMultiplier":"1"}],"master":false,"marketplace":true,"nowProductGroup":"sameday_nextday","notOnStockMessage":"","stockStatusColor":"green","categoryCodes":["csd00001","csd00020","csd00028","csd00033","csd00061","csd01060","csd01434","csd02271","csd02859","csd02862","root","catalogs","main","landingpages","csd03040","csd03171","csd03172","csd03273","csd03339","csd03341","csd03344","csd03476","csd03524","csd03646","csd03644","csd03647","csd03648"],"prices":{"listPrice":{"amount":5.82,"net":5.02,"currency":"EUR","info":{"index":1,"text":"AVP / UVP"}},"retailPrice":{"amount":3.68,"net":3.17,"currency":"EUR","info":{"index":1,"text":"AVP / UVP"}}},"calculatedRatingRanking":3.79,"objectID":"04300124","_highlightResult":{"activeSubstances":[{"value":"Xylometazolin hydrochlorid","matchLevel":"none","matchedWords":[]}]},"_rankingInfo":{"nbTypos":0,"firstMatchedWord":0,"proximityDistance":0,"userScore":148,"geoDistance":0,"geoPrecision":1,"nbExactWords":0,"words":1,"filters":1,"personalization":{"score":0,"rankingScore":0,"filtersScore":0,"textualRelevanceBucket":1,"initialPosition":52,"newPosition":52}}},{"brandCode":"csd2312","pzn":"03930478","productName":"Betaisodona® Salbe","secondaryCategories":["Black Friday®","30% und mehr","Landingpages","NOW! Reiseapotheke","Landingpages","Topseller","Landingpages","Weltgesundheitstag: Hausapotheke","Landingpages","SHOP APOTHEKE NOW!"],"manufacturer":"Mundipharma GmbH","pharmaForm":"Salbe","brand":"Betaisodona Salbe","brandIntern":"mundipharma","subBrandIntern":"Betaisodona®","activeSubstances":["Povidon iod"],"additiveSubstances":["Wasser, gereinigtes","Natriumhydrogencarbonat","Macrogol 400","Macrogol 4000","Macrogol 1000","Macrogol 1500"],"additiveSubstancesHtml":"<ul><li>Wasser, gereinigtes</li><li>Natriumhydrogencarbonat</li><li>Macrogol 400</li><li>Macrogol 4000</li><li>Macrogol 1000</li><li>Macrogol 1500</li></ul>","descriptionShort":"Antiseptikum bei geschädigter Haut, wie z.B. Decubitus oder oberflächlichen Wunden","keywords":[],"unit":"g","unitQuantityString":"25","masterID":"03930478","indicationRanges":["Dermatotherapeutika","Therapie von infizierten und nicht infizierten Hautläsionen","Sonstige antibakteriell bzw. antiseptisch wirkende Präparate"],"ratingCount":92,"averageRating":4.96,"attributes":["apothekenpflichtig","Arzneimittel"],"prescriptionMedicine":false,"price":507,"listPrice":737,"netRetailPrice":437,"priceFormatted":"€ 5,07","listPriceFormatted":"€ 7,37","potency":"","ifap":"Zur wiederholten, zeitlich begrenzten Anwendung als Antiseptikum bei geschädigter Haut, wie z.B. Decubitus (Druckgeschwür) Ulcus cruris (Unterschenkelgeschwür) oberflächlichen Wunden und Verbrennungen infizierten und superinfizierten Hauterkrankungen","image":"https://cdn.shop-apotheke.com/images/betaisodona-salbe-salbe-D03930478-p10.jpg","hasImage":true,"deeplink":"arzneimittel/3930478/betaisodona-salbe.htm","applicablePromotions":"","variantDetails":"03930478|03930478|31|25 g|507|arzneimittel/3930478/betaisodona-salbe.htm|product.stockStatus.available","stockStatus":"","stockStatusReason":"product.stockStatus.available","inStock":true,"pricePerUnit":"20,28 € / 100 g","discountInPercent":31,"created":1445172655000,"lastChanged":1598598541000,"ratingsLink":"/produktbewertungen/3930478/betaisodona-salbe.htm","ean":"","RPMultiplier":1,"ribbonText":"","primaryCategory":["Die Online-Apotheke für Deutschland","Die Online-Apotheke für Deutschland/Arzneimittel & weitere Produkte ","Die Online-Apotheke für Deutschland/Arzneimittel & weitere Produkte /Haus- & Reiseapotheke","Die Online-Apotheke für Deutschland/Arzneimittel & weitere Produkte /Haus- & Reiseapotheke/Hausapotheke","Die Online-Apotheke für Deutschland/Arzneimittel & weitere Produkte /Haus- & Reiseapotheke/Hausapotheke/Wundheilung"],"topsellerCountBucket":12,"filterAttributes":[],"filterRating":0.04,"packSize":"25 g","variants":[{"id":"03930478","text":"Antiseptikum bei geschädigter Haut, wie z.B. Decubitus oder oberflächlichen Wunden","webDetailPath":"arzneimittel/3930478/betaisodona-salbe.htm","stock":"product.stockStatus.available","active":true,"discount":"31","retailPrice":"507","listPrice":"737","packSize":"25 g","nowProductGroup":"sameday_nextday","attributes":["apothekenpflichtig","Arzneimittel"],"productName":"Betaisodona® Salbe","pricePerUnit":"20,28 € / 100 g","imageUrl":"https://cdn.shop-apotheke.com/images/betaisodona-salbe-salbe-D03930478-p10.jpg","pharmaForm":"Salbe","ribbonText":"","RPMultiplier":"1"},{"id":"01952547","text":"Antiseptikum bei geschädigter Haut, wie z.B. Decubitus oder oberflächlichen Wunden","webDetailPath":"arzneimittel/1952547/betaisodona-salbe.htm","stock":"product.stockStatus.available","active":false,"discount":"28","retailPrice":"983","listPrice":"1357","packSize":"100 g","nowProductGroup":"sameday_nextday","attributes":["apothekenpflichtig","Arzneimittel"],"productName":"Betaisodona® Salbe","pricePerUnit":"9,83 € / 100 g","imageUrl":"https://cdn.shop-apotheke.com/images/betaisodona-salbe-salbe-D01952547-p1.jpg","pharmaForm":"Salbe","ribbonText":"","RPMultiplier":"1"},{"id":"03337214","text":"Antiseptikum bei geschädigter Haut, wie z.B. Decubitus oder oberflächlichen Wunden","webDetailPath":"arzneimittel/3337214/betaisodona-salbe.htm","stock":"product.stockStatus.available","active":false,"discount":"16","retailPrice":"1944","listPrice":"2315","packSize":"300 g","nowProductGroup":"sameday_nextday","attributes":["apothekenpflichtig","Arzneimittel"],"productName":"Betaisodona® Salbe","pricePerUnit":"64,80 € / kg","imageUrl":"https://cdn.shop-apotheke.com/images/betaisodona-salbe-salbe-D03337214-p10.jpg","pharmaForm":"Salbe","ribbonText":"","RPMultiplier":"1"}],"master":true,"marketplace":true,"nowProductGroup":"sameday_nextday","notOnStockMessage":"","stockStatusColor":"green","categoryCodes":["csd00001","csd00077","csd02753","csd00141","csd01434","csd02271","csd02859","root","catalogs","main","landingpages","csd03339","csd03476","csd03648","csd03939"],"prices":{"listPrice":{"amount":7.37,"net":6.35,"currency":"EUR","info":{"index":1,"text":"AVP / UVP"}},"retailPrice":{"amount":5.07,"net":4.37,"currency":"EUR","info":{"index":1,"text":"AVP / UVP"}}},"calculatedRatingRanking":4.09,"objectID":"03930478","_highlightResult":{"activeSubstances":[{"value":"Povidon iod","matchLevel":"none","matchedWords":[]}]},"_rankingInfo":{"nbTypos":0,"firstMatchedWord":0,"proximityDistance":0,"userScore":147,"geoDistance":0,"geoPrecision":1,"nbExactWords":0,"words":1,"filters":1,"personalization":{"score":0,"rankingScore":0,"filtersScore":0,"textualRelevanceBucket":1,"initialPosition":53,"newPosition":53}}},{"brandCode":"csd2732","pzn":"02530498","productName":"Talcid® Kautabletten","secondaryCategories":["Geschenke Themenwelt","Gesundheit schenken","Märchenhafte Geschenkewelt","Der Wolf und die sieben Geißlein","Geschenke nach Budget","Geschenke bis 10 Euro","Black Friday®","30% und mehr","Specials","Neujahrs-Special","Landingpages","Unsere Top-Produkte","Landingpages","NOW! Reiseapotheke","Landingpages","Angebote aus der App-otheke ","Landingpages","Gesund durch den Karneval","Landingpages","SHOP APOTHEKE NOW!","Healthy Deals","Healthy Deals Reiseapotheke","Healthy Deals","Healthy Deals Aktionsprodukte","Healthy Deals","Healthy Deals Gutes Bauchgefühl","Landingpages","Healthy Deals App-Angebote"],"manufacturer":"Bayer Vital GmbH","pharmaForm":"Kautabletten","brand":"Talcid Kautabletten","brandIntern":"Talcid®","subBrandIntern":"","activeSubstances":["Hydrotalcit"],"additiveSubstances":["Magnesium stearat","Aromastoffe, natürlich, naturidentisch","Saccharin natrium","Mannitol","Maisstärke"],"additiveSubstancesHtml":"<ul><li>Magnesium stearat</li><li>Aromastoffe, natürlich, naturidentisch</li><li>Saccharin natrium</li><li>Mannitol</li><li>Maisstärke</li></ul>","descriptionShort":"Bei Sodbrennen und säurebedingten Magenbeschwerden","keywords":["sodbrennen","Magenbschwerden","Magenschmerzen","sauresAufstoßenÜbersäuerung","magen"],"unit":"St","unitQuantityString":"50","masterID":"02530481","indicationRanges":["Magen-Darm-wirksame Pharmaka","Antazida","Anorganische Basen"],"ratingCount":219,"averageRating":4.92,"attributes":["apothekenpflichtig","Arzneimittel"],"prescriptionMedicine":false,"price":1119,"listPrice":1462,"netRetailPrice":965,"priceFormatted":"€ 11,19","listPriceFormatted":"€ 14,62","potency":"","ifap":"Ein Arzneimittel zur Bindung überschüssiger Magensäure (Antazidum). Zur symptomatischen Behandlung von Erkrankungen, bei denen Magensäure gebunden werden soll:Magen- und Zwölffingerdarmgeschwüre (Ulcus ventriculi und Ulcus duodeni) Sodbrennen und säurebedingte Magenbeschwerden Bei Verdacht auf ein Magen- oder Zwölffingerdarmgeschwür sollte eine Untersuchung auf H. pylori - und im Falle des Nachweises - eine anerkannte antibakterielle Kombinationstherapie erwogen werden, da in der Regel bei erfolgreicher Anwendung einer derartigen Therapie auch die Ulkuskrankheit ausheilt.","image":"https://cdn.shop-apotheke.com/images/talcid-kautabletten-kautabletten-D02530498-p1.jpg","hasImage":true,"deeplink":"arzneimittel/2530498/talcid-kautabletten.htm","applicablePromotions":"","variantDetails":"02530481|02530498|23|50 St|1119|arzneimittel/2530498/talcid-kautabletten.htm|product.stockStatus.available","stockStatus":"","stockStatusReason":"product.stockStatus.available","inStock":true,"pricePerUnit":"","discountInPercent":23,"created":1445164227000,"lastChanged":1598578233000,"ratingsLink":"/produktbewertungen/2530498/talcid-kautabletten.htm","ean":"","RPMultiplier":1,"ribbonText":"","primaryCategory":["Die Online-Apotheke für Deutschland","Die Online-Apotheke für Deutschland/Arzneimittel & weitere Produkte ","Die Online-Apotheke für Deutschland/Arzneimittel & weitere Produkte /Magen & Darm","Die Online-Apotheke für Deutschland/Arzneimittel & weitere Produkte /Magen & Darm/Sodbrennen"],"topsellerCountBucket":12,"filterAttributes":[],"filterRating":0.08,"packSize":"50 St","variants":[{"id":"02530481","text":"Bei Sodbrennen und säurebedingten Magenbeschwerden","webDetailPath":"arzneimittel/2530481/talcid-kautabletten.htm","stock":"product.stockStatus.available","active":true,"discount":"20","retailPrice":"544","listPrice":"680","packSize":"20 St","nowProductGroup":"sameday_nextday","attributes":["apothekenpflichtig","Arzneimittel"],"productName":"Talcid® Kautabletten","pricePerUnit":"","imageUrl":"https://cdn.shop-apotheke.com/images/talcid-kautabletten-kautabletten-D02530481-p1.jpg","pharmaForm":"Kautabletten","ribbonText":"","RPMultiplier":"1"},{"id":"02530498","text":"Bei Sodbrennen und säurebedingten Magenbeschwerden","webDetailPath":"arzneimittel/2530498/talcid-kautabletten.htm","stock":"product.stockStatus.available","active":false,"discount":"23","retailPrice":"1119","listPrice":"1462","packSize":"50 St","nowProductGroup":"sameday_nextday","attributes":["apothekenpflichtig","Arzneimittel"],"productName":"Talcid® Kautabletten","pricePerUnit":"","imageUrl":"https://cdn.shop-apotheke.com/images/talcid-kautabletten-kautabletten-D02530498-p1.jpg","pharmaForm":"Kautabletten","ribbonText":"","RPMultiplier":"1"},{"id":"01921682","text":"Bei Sodbrennen und säurebedingten Magenbeschwerden","webDetailPath":"arzneimittel/1921682/talcid-kautabletten.htm","stock":"product.stockStatus.available","active":false,"discount":"25","retailPrice":"1983","listPrice":"2631","packSize":"100 St","nowProductGroup":"nextday","attributes":["apothekenpflichtig","Arzneimittel","ABO"],"productName":"Talcid® Kautabletten","pricePerUnit":"","imageUrl":"https://cdn.shop-apotheke.com/images/talcid-kautabletten-kautabletten-D01921682-p1.jpg","pharmaForm":"Kautabletten","ribbonText":"","RPMultiplier":"1"}],"master":false,"marketplace":true,"nowProductGroup":"sameday_nextday","notOnStockMessage":"","stockStatusColor":"green","categoryCodes":["csd00001","csd00219","csd00229","csd02764","csd02770","csd01458","csd01434","csd01461","csd02768","csd02769","csd01454","csd02835","csd02842","csd02271","csd02859","root","catalogs","main","landingpages","csd03339","csd03461","csd03476","csd03506","csd02968","csd03568","csd03569","csd03635","csd03684","csd03716"],"prices":{"listPrice":{"amount":14.62,"net":12.6,"currency":"EUR","info":{"index":1,"text":"AVP / UVP"}},"retailPrice":{"amount":11.19,"net":9.65,"currency":"EUR","info":{"index":1,"text":"AVP / UVP"}}},"calculatedRatingRanking":4.47,"objectID":"02530498","_highlightResult":{"activeSubstances":[{"value":"Hydrotalcit","matchLevel":"none","matchedWords":[]}]},"_rankingInfo":{"nbTypos":0,"firstMatchedWord":0,"proximityDistance":0,"userScore":146,"geoDistance":0,"geoPrecision":1,"nbExactWords":0,"words":1,"filters":1,"personalization":{"score":0,"rankingScore":0,"filtersScore":0,"textualRelevanceBucket":1,"initialPosition":54,"newPosition":54}}},{"brandCode":"csd2380","pzn":"02400229","productName":"Dolormin® Extra","secondaryCategories":["Ratgeber","Kopfschmerzen","RedPoints Aktionswoche - Gute Vorsätze","Beauty ","Schmerzen","Zahnschmerzen","Black Friday®","30% und mehr","Erkältung & Grippe","Fiebersenkende Schmerzmittel","Kopfschmerzen","Ibuprofen","Landingpages","SHOP APOTHEKE NOW!"],"manufacturer":"Johnson & Johnson GmbH (OTC)","pharmaForm":"Filmtabletten","brand":"Dolormin extra","brandIntern":"Dolormin®","subBrandIntern":"Extra","activeSubstances":["Ibuprofen DL-lysin"],"additiveSubstances":["Hyprolose","Hypromellose","Cellulose, mikrokristalline","Povidon K30","Magnesium stearat (pflanzlich)","Titandioxid"],"additiveSubstancesHtml":"<ul><li>Hyprolose</li><li>Hypromellose</li><li>Cellulose, mikrokristalline</li><li>Povidon K30</li><li>Magnesium stearat (pflanzlich)</li><li>Titandioxid</li></ul>","descriptionShort":"Bei leichten bis mäßig starken Schmerzen und Fieber","keywords":["Fieber"],"unit":"St","unitQuantityString":"50","masterID":"00091072","indicationRanges":["Analgetika/ Antipyretika","Antipyretisch wirkende Analgetika","Arylpropionsäure-Derivate (Monopräparate)"],"ratingCount":174,"averageRating":4.92,"attributes":["apothekenpflichtig","Arzneimittel"],"prescriptionMedicine":false,"price":1844,"listPrice":2144,"netRetailPrice":1590,"priceFormatted":"€ 18,44","listPriceFormatted":"€ 21,44","potency":"","ifap":"Das Präparat ist ein schmerzstillendes, fiebersenkendes Arzneimittel (nicht-steroidales Antirheumatikum/NSAR). Es wird angewendet zur symptomatischen Kurzeitbehandlung beileichten bis mäßig starken Schmerzen - wie Kopfschmerzen, Zahnschmerzen, Regelschmerzen. Fieber. Zur Anwendung bei Kindern ab 20 kg Körpergewicht (6 Jahre und älter), Jugendlichen und Erwachsenen.","image":"https://cdn.shop-apotheke.com/images/dolormin-extra-filmtabletten-D02400229-p1.jpg","hasImage":true,"deeplink":"arzneimittel/2400229/dolormin-extra.htm","applicablePromotions":"","variantDetails":"00091072|02400229|14|50 St|1844|arzneimittel/2400229/dolormin-extra.htm|product.stockStatus.available","stockStatus":"","stockStatusReason":"product.stockStatus.available","inStock":true,"pricePerUnit":"","discountInPercent":14,"created":1445163624000,"lastChanged":1598591403000,"ratingsLink":"/produktbewertungen/2400229/dolormin-extra.htm","ean":"","RPMultiplier":1,"ribbonText":"","primaryCategory":["Die Online-Apotheke für Deutschland","Die Online-Apotheke für Deutschland/Arzneimittel & weitere Produkte ","Die Online-Apotheke für Deutschland/Arzneimittel & weitere Produkte /Schmerzen","Die Online-Apotheke für Deutschland/Arzneimittel & weitere Produkte /Schmerzen/Fiebersenkende Schmerzmittel"],"topsellerCountBucket":12,"filterAttributes":[],"filterRating":0.08,"packSize":"50 St","variants":[{"id":"00091072","text":"Bei leichten bis mäßig starken Schmerzen und Fieber","webDetailPath":"arzneimittel/91072/dolormin-extra.htm","stock":"product.stockStatus.nl","active":true,"discount":"5","retailPrice":"694","listPrice":"730","packSize":"10 St","nowProductGroup":"sameday_nextday","attributes":["apothekenpflichtig","Arzneimittel"],"productName":"Dolormin® Extra","pricePerUnit":"","imageUrl":"https://cdn.shop-apotheke.com/images/dolormin-extra-filmtabletten-D00091072-p1.jpg","pharmaForm":"Filmtabletten","ribbonText":"","RPMultiplier":"1"},{"id":"00091089","text":"Bei leichten bis mäßig starken Schmerzen und Fieber","webDetailPath":"arzneimittel/91089/dolormin-extra.htm","stock":"product.stockStatus.nl","active":false,"discount":"20","retailPrice":"850","listPrice":"1061","packSize":"20 St","nowProductGroup":"none","attributes":["apothekenpflichtig","Arzneimittel"],"productName":"Dolormin® Extra","pricePerUnit":"","imageUrl":"https://cdn.shop-apotheke.com/images/dolormin-extra-filmtabletten-D00091089-p1.jpg","pharmaForm":"Filmtabletten","ribbonText":"","RPMultiplier":"1"},{"id":"01094724","text":"Bei leichten bis mäßig starken Schmerzen und Fieber","webDetailPath":"arzneimittel/1094724/dolormin-extra.htm","stock":"product.stockStatus.nl","active":false,"discount":"18","retailPrice":"1229","listPrice":"1507","packSize":"30 St","nowProductGroup":"none","attributes":["apothekenpflichtig","Arzneimittel"],"productName":"Dolormin® Extra","pricePerUnit":"","imageUrl":"https://cdn.shop-apotheke.com/images/dolormin-extra-filmtabletten-D01094724-p1.jpg","pharmaForm":"Filmtabletten","ribbonText":"","RPMultiplier":"1"},{"id":"02400229","text":"Bei leichten bis mäßig starken Schmerzen und Fieber","webDetailPath":"arzneimittel/2400229/dolormin-extra.htm","stock":"product.stockStatus.available","active":false,"discount":"14","retailPrice":"1844","listPrice":"2144","packSize":"50 St","nowProductGroup":"sameday_nextday","attributes":["apothekenpflichtig","Arzneimittel"],"productName":"Dolormin® Extra","pricePerUnit":"","imageUrl":"https://cdn.shop-apotheke.com/images/dolormin-extra-filmtabletten-D02400229-p1.jpg","pharmaForm":"Filmtabletten","ribbonText":"","RPMultiplier":"1"}],"master":false,"marketplace":true,"nowProductGroup":"sameday_nextday","notOnStockMessage":"","stockStatusColor":"green","categoryCodes":["csd00001","csd00269","csd00275","csd00282","csd00061","csd01059","csd02394","csd02397","csd01434","csd02271","csd02859","csd03171","csd03172","root","catalogs","main","landingpages","csd03339","themeshop","csd1527"],"prices":{"listPrice":{"amount":21.44,"net":18.48,"currency":"EUR","info":{"index":1,"text":"AVP / UVP"}},"retailPrice":{"amount":18.44,"net":15.9,"currency":"EUR","info":{"index":1,"text":"AVP / UVP"}}},"calculatedRatingRanking":4.38,"objectID":"02400229","_highlightResult":{"activeSubstances":[{"value":"Ibuprofen DL-lysin","matchLevel":"none","matchedWords":[]}]},"_rankingInfo":{"nbTypos":0,"firstMatchedWord":0,"proximityDistance":0,"userScore":145,"geoDistance":0,"geoPrecision":1,"nbExactWords":0,"words":1,"filters":1,"personalization":{"score":0,"rankingScore":0,"filtersScore":0,"textualRelevanceBucket":1,"initialPosition":55,"newPosition":55}}},{"brandCode":"","pzn":"15640662","productName":"Tromcardin® complex","secondaryCategories":["Geschenke Themenwelt","Gesundheit schenken","Landingpages","SHOP APOTHEKE NOW!"],"manufacturer":"Trommsdorff GmbH & Co. KG","pharmaForm":"Tabletten","brand":"","brandIntern":"Tromcardin®","subBrandIntern":"Complex","activeSubstances":["Ubidecarenon","Folsäure","Nicotinamid","Cyanocobalamin","Magnesiumoxid","Magnesiumbis(hydrogenaspartat) dihydrat","Kaliumchlorid"],"additiveSubstances":["Hypromellose","Cellulose, mikrokristalline","Speisefettsäuren, Magnesiumsalze","Titandioxid","Glycerol","Talkum"],"additiveSubstancesHtml":"<ul><li>Hypromellose</li><li>Cellulose, mikrokristalline</li><li>Speisefettsäuren, Magnesiumsalze</li><li>Titandioxid</li><li>Glycerol</li><li>Talkum</li></ul>","descriptionShort":"Für besondere medizinische Zwecke","keywords":["Herz"],"unit":"St","unitQuantityString":"180","masterID":"05950686","indicationRanges":["Diätetika","Weitere","Sonstige"],"ratingCount":307,"averageRating":4.91,"attributes":["Lebensmittel"],"prescriptionMedicine":false,"price":2641,"listPrice":3625,"netRetailPrice":2515,"priceFormatted":"€ 26,41","listPriceFormatted":"€ 36,25","potency":"","ifap":"Tromcardin® complex: Zur diätetischen Behandlung von Herzerkrankungen, insbesondere Herzrhythmusstörungen. Diätetisches Lebensmittel für besondere medizinische Zwecke (ergänzende bilanzierte Diät). Tromcardin® complex - Kalium und Magnesium und ausgewählte B-Vitamine sind wichtige Nährstoffe für die Funktion des Herzens.","image":"https://cdn.shop-apotheke.com/images/tromcardin-complex-tabletten-D15640662-p1.jpg","hasImage":true,"deeplink":"arzneimittel/15640662/tromcardin-complex.htm","applicablePromotions":"","variantDetails":"05950686|15640662|27|180 St|2641|arzneimittel/15640662/tromcardin-complex.htm|product.stockStatus.available","stockStatus":"","stockStatusReason":"product.stockStatus.available","inStock":true,"pricePerUnit":"","discountInPercent":27,"created":1562308339000,"lastChanged":1598572866000,"ratingsLink":"/produktbewertungen/15640662/tromcardin-complex.htm","ean":"4260083220726","RPMultiplier":1,"ribbonText":"","primaryCategory":["Die Online-Apotheke für Deutschland","Die Online-Apotheke für Deutschland/Arzneimittel & weitere Produkte ","Die Online-Apotheke für Deutschland/Arzneimittel & weitere Produkte /Herz, Kreislauf & Gefäße","Die Online-Apotheke für Deutschland/Arzneimittel & weitere Produkte /Herz, Kreislauf & Gefäße/Herzstärkung"],"topsellerCountBucket":12,"filterAttributes":["Lebensmittel"],"filterRating":0.09,"packSize":"180 St","variants":[{"id":"05950686","text":"Zur diätetischen Behandlung von Personen mit Herz-Erkrankungen, insbesondere Herzrhythmusstörungen","webDetailPath":"arzneimittel/5950686/tromcardin-complex.htm","stock":"product.stockStatus.available","active":true,"discount":"24","retailPrice":"1194","listPrice":"1565","packSize":"60 St","nowProductGroup":"sameday_nextday","attributes":["Lebensmittel"],"productName":"Tromcardin® complex","pricePerUnit":"","imageUrl":"https://cdn.shop-apotheke.com/images/tromcardin-complex-tabletten-D05950686-p1.jpg","pharmaForm":"Tabletten","ribbonText":"","RPMultiplier":"1"},{"id":"02522470","text":"Zur diätetischen Behandlung von Personen mit Herz-Erkrankungen, insbesondere Herzrhythmusstörungen","webDetailPath":"arzneimittel/2522470/tromcardin-complex.htm","stock":"product.stockStatus.available","active":false,"discount":"26","retailPrice":"2025","listPrice":"2742","packSize":"120 St","nowProductGroup":"sameday_nextday","attributes":["Lebensmittel"],"productName":"Tromcardin® complex","pricePerUnit":"","imageUrl":"https://cdn.shop-apotheke.com/images/tromcardin-complex-tabletten-D02522470-p1.jpg","pharmaForm":"Tabletten","ribbonText":"","RPMultiplier":"1"},{"id":"08100382","text":"Zur diätetischen Behandlung von Personen mit Herz-Erkrankungen, insbesondere Herzrhythmusstörungen","webDetailPath":"arzneimittel/8100382/tromcardin-complex-twin-set-herz-im-takt.htm","stock":"product.stockStatus.available","active":false,"discount":"39","retailPrice":"3431","listPrice":"5590","packSize":"2x120 St","nowProductGroup":"sameday_nextday","attributes":["Lebensmittel"],"productName":"Tromcardin complex Twin-Set Herz im Takt","pricePerUnit":"","imageUrl":"https://cdn.shop-apotheke.com/images/tromcardin-complex-twin-set-herz-im-takt-tabletten-D08100382-p1.jpg","pharmaForm":"Tabletten","ribbonText":"Sparset","RPMultiplier":"1"},{"id":"15640662","text":"Für besondere medizinische Zwecke","webDetailPath":"arzneimittel/15640662/tromcardin-complex.htm","stock":"product.stockStatus.available","active":false,"discount":"27","retailPrice":"2641","listPrice":"3625","packSize":"180 St","nowProductGroup":"nextday","attributes":["Lebensmittel"],"productName":"Tromcardin® complex","pricePerUnit":"","imageUrl":"https://cdn.shop-apotheke.com/images/tromcardin-complex-tabletten-D15640662-p1.jpg","pharmaForm":"Tabletten","ribbonText":"","RPMultiplier":"1"},{"id":"08105033","text":"Für besondere medizinische Zwecke","webDetailPath":"arzneimittel/8105033/tromcardin-complex-set-gratis-notfalldose.htm","stock":"product.stockStatus.available","active":false,"discount":"28","retailPrice":"5065","listPrice":"6990","packSize":"2x180 St","nowProductGroup":"nextday","attributes":["Lebensmittel","Nahrungsergänzungsmittel"],"productName":"Tromcardin complex Set + Gratis Notfalldose","pricePerUnit":"","imageUrl":"https://cdn.shop-apotheke.com/images/tromcardin-complex-set-gratis-notfalldose-tabletten-D08105033-p1.jpg","pharmaForm":"Tabletten","ribbonText":"","RPMultiplier":"1"}],"master":false,"marketplace":true,"nowProductGroup":"nextday","notOnStockMessage":"","stockStatusColor":"green","categoryCodes":["csd00001","csd00175","csd00180","csd02764","csd02770","csd01458","root","catalogs","main","landingpages","csd03339"],"prices":{"listPrice":{"amount":36.25,"net":34.52,"currency":"EUR","info":{"index":1,"text":"AVP / UVP"}},"retailPrice":{"amount":26.41,"net":25.15,"currency":"EUR","info":{"index":1,"text":"AVP / UVP"}}},"calculatedRatingRanking":4.57,"objectID":"15640662","_highlightResult":{"activeSubstances":[{"value":"Ubidecarenon","matchLevel":"none","matchedWords":[]},{"value":"Folsäure","matchLevel":"none","matchedWords":[]},{"value":"Nicotinamid","matchLevel":"none","matchedWords":[]},{"value":"Cyanocobalamin","matchLevel":"none","matchedWords":[]},{"value":"Magnesiumoxid","matchLevel":"none","matchedWords":[]},{"value":"Magnesiumbis(hydrogenaspartat) dihydrat","matchLevel":"none","matchedWords":[]},{"value":"Kaliumchlorid","matchLevel":"none","matchedWords":[]}]},"_rankingInfo":{"nbTypos":0,"firstMatchedWord":0,"proximityDistance":0,"userScore":144,"geoDistance":0,"geoPrecision":1,"nbExactWords":0,"words":1,"filters":1,"personalization":{"score":0,"rankingScore":0,"filtersScore":0,"textualRelevanceBucket":1,"initialPosition":56,"newPosition":56}}},{"brandCode":"csd03752","pzn":"05020875","productName":"Ibuprofen AL akut 400 mg Filmtabletten","secondaryCategories":["ALIUD PHARMA<sup>®</sup>","Schmerzen, Fieber & Migräne","Frauengesundheit","Menstruationsbeschwerden","Black Friday®","40% und mehr","Landingpages","Flash Deal Erkaeltung","Erkältung & Grippe","Fiebersenkende Schmerzmittel","Kopfschmerzen","Ibuprofen","Healthy Deals","RedPoints-Aktion"],"manufacturer":"ALIUD Pharma GmbH","pharmaForm":"Filmtabletten","brand":"Aliud","brandIntern":"ALIUD","subBrandIntern":"Ibuprofen AL","activeSubstances":["Ibuprofen"],"additiveSubstances":["Magnesium stearat","Hypromellose","Carboxymethylstärke, Natrium Typ A","Maisstärke","Macrogol 400","Macrogol 6000"],"additiveSubstancesHtml":"<ul><li>Magnesium stearat</li><li>Hypromellose</li><li>Carboxymethylstärke, Natrium Typ A</li><li>Maisstärke</li><li>Macrogol 400</li><li>Macrogol 6000</li></ul>","descriptionShort":"Zur Anwendung bei leichten bis mäßig starken Schmerzen und Fieber","keywords":["ibu"],"unit":"St","unitQuantityString":"20","masterID":"05020869","indicationRanges":["Analgetika/ Antipyretika","Antipyretisch wirkende Analgetika","Arylpropionsäure-Derivate (Monopräparate)","Gynäkologika/ Vaginaltherapeutika","Antidysmenorrhoika","Analgetika"],"ratingCount":38,"averageRating":4.9,"attributes":["apothekenpflichtig","Arzneimittel"],"prescriptionMedicine":false,"price":245,"listPrice":370,"netRetailPrice":211,"priceFormatted":"€ 2,45","listPriceFormatted":"€ 3,70","potency":"","ifap":"","image":"https://cdn.shop-apotheke.com/images/ibuprofen-al-akut-400-mg-filmtabletten-filmtabletten-D05020875-p1.jpg","hasImage":true,"deeplink":"arzneimittel/5020875/ibuprofen-al-akut-400-mg-filmtabletten.htm","applicablePromotions":"","variantDetails":"05020869|05020875|34|20 St|245|arzneimittel/5020875/ibuprofen-al-akut-400-mg-filmtabletten.htm|product.stockStatus.available","stockStatus":"","stockStatusReason":"product.stockStatus.available","inStock":true,"pricePerUnit":"","discountInPercent":34,"created":1445163900000,"lastChanged":1598578328000,"ratingsLink":"/produktbewertungen/5020875/ibuprofen-al-akut-400-mg-filmtabletten.htm","ean":"4150050208751","RPMultiplier":1,"ribbonText":"","primaryCategory":["Die Online-Apotheke für Deutschland","Die Online-Apotheke für Deutschland/Arzneimittel & weitere Produkte ","Die Online-Apotheke für Deutschland/Arzneimittel & weitere Produkte /Schmerzen","Die Online-Apotheke für Deutschland/Arzneimittel & weitere Produkte /Schmerzen/Fiebersenkende Schmerzmittel"],"topsellerCountBucket":12,"filterAttributes":[],"filterRating":0.1,"packSize":"20 St","variants":[{"id":"05020869","text":"Zur Anwendung bei leichten bis mäßig starken Schmerzen und Fieber","webDetailPath":"arzneimittel/5020869/ibuprofen-al-akut-400-mg-filmtabletten.htm","stock":"product.stockStatus.available","active":true,"discount":"37","retailPrice":"153","listPrice":"244","packSize":"10 St","nowProductGroup":"sameday_nextday","attributes":["apothekenpflichtig","Arzneimittel"],"productName":"Ibuprofen AL akut 400 mg Filmtabletten","pricePerUnit":"","imageUrl":"https://cdn.shop-apotheke.com/images/ibuprofen-al-akut-400-mg-filmtabletten-filmtabletten-D05020869-p1.jpg","pharmaForm":"Filmtabletten","ribbonText":"","RPMultiplier":"1"},{"id":"05020875","text":"Zur Anwendung bei leichten bis mäßig starken Schmerzen und Fieber","webDetailPath":"arzneimittel/5020875/ibuprofen-al-akut-400-mg-filmtabletten.htm","stock":"product.stockStatus.available","active":false,"discount":"34","retailPrice":"245","listPrice":"370","packSize":"20 St","nowProductGroup":"sameday_nextday","attributes":["apothekenpflichtig","Arzneimittel"],"productName":"Ibuprofen AL akut 400 mg Filmtabletten","pricePerUnit":"","imageUrl":"https://cdn.shop-apotheke.com/images/ibuprofen-al-akut-400-mg-filmtabletten-filmtabletten-D05020875-p1.jpg","pharmaForm":"Filmtabletten","ribbonText":"","RPMultiplier":"1"}],"master":false,"marketplace":false,"nowProductGroup":"sameday_nextday","notOnStockMessage":"","stockStatusColor":"green","categoryCodes":["csd00001","csd00269","csd00275","csd00072","csd00075","csd00061","csd01059","csd01434","csd02271","csd02272","csd02394","csd02397","csd02968","csd03288","root","catalogs","main","landingpages","csd03524","brandshop","csd1914","csd1925"],"prices":{"listPrice":{"amount":3.7,"net":3.19,"currency":"EUR","info":{"index":1,"text":"AVP / UVP"}},"retailPrice":{"amount":2.45,"net":2.11,"currency":"EUR","info":{"index":1,"text":"AVP / UVP"}}},"calculatedRatingRanking":3.54,"objectID":"05020875","_highlightResult":{"activeSubstances":[{"value":"Ibuprofen","matchLevel":"none","matchedWords":[]}]},"_rankingInfo":{"nbTypos":0,"firstMatchedWord":0,"proximityDistance":0,"userScore":143,"geoDistance":0,"geoPrecision":1,"nbExactWords":0,"words":1,"filters":1,"personalization":{"score":0,"rankingScore":0,"filtersScore":0,"textualRelevanceBucket":1,"initialPosition":57,"newPosition":57}}},{"brandCode":"csd2560","pzn":"01316917","productName":"Magnesium Verla® 300 uno Orange","secondaryCategories":["Black Friday®","30% und mehr","Specials","Neujahrs-Special","Landingpages","Flash Deal Mineralstoffe","Sportlernährstoffe","Magnesium","UNSERE ADVENTS-ÜBERASCHUNG EXKLUSIV FÜR UNSERE BESTEN KUNDEN.","Advent 3","Landingpages","Vorsatz: Vitamine & Mineralstoffe","Landingpages","Abo Produkte","Landingpages","Angebote aus der App-otheke ","Landingpages","SHOP APOTHEKE NOW!","Healthy Deals","Healthy Deals Ernährung, Sport & Abnehmen","Landingpages","Healthy Deals App-Angebote"],"manufacturer":"Verla-Pharm Arzneimittel GmbH & Co. KG","pharmaForm":"Granulat","brand":"Magnesium Verla 300","brandIntern":"VERLA","subBrandIntern":"Magnesium Verla®","activeSubstances":["Trimagnesiumdicitrat-1-Wasser"],"additiveSubstances":["Maltodextrin","Apfelsinen-Aroma","Zitronen-Aroma","Kaliumhydrogencarbonat","Saccharin natrium","Betacaroten","Apfelsinenfrucht-Pulver","Citronensäure","Natrium cyclamat"],"additiveSubstancesHtml":"<ul><li>Maltodextrin</li><li>Apfelsinen-Aroma</li><li>Zitronen-Aroma</li><li>Kaliumhydrogencarbonat</li><li>Saccharin natrium</li><li>Betacaroten</li><li>Apfelsinenfrucht-Pulver</li><li>Citronensäure</li><li>Natrium cyclamat</li></ul>","descriptionShort":"Zur Deckung eines erhöhten Magnesium-Bedarfs","keywords":["magnesium"],"unit":"St","unitQuantityString":"50","masterID":"01316900","indicationRanges":["Mineralstoffe (Therapie und Substitution)","Magnesium-Präparate","Magnesium-Salze, oral"],"ratingCount":212,"averageRating":4.9,"attributes":["Lebensmittel","ABO"],"prescriptionMedicine":false,"price":1358,"listPrice":1815,"netRetailPrice":1293,"priceFormatted":"€ 13,58","listPriceFormatted":"€ 18,15","potency":"","ifap":"","image":"https://cdn.shop-apotheke.com/images/magnesium-verla-300-uno-orange-granulat-D01316917-p1.jpg","hasImage":true,"deeplink":"arzneimittel/1316917/magnesium-verla-300-uno-orange.htm","applicablePromotions":"","variantDetails":"01316900|01316917|25|50 St|1358|arzneimittel/1316917/magnesium-verla-300-uno-orange.htm|product.stockStatus.available","stockStatus":"","stockStatusReason":"product.stockStatus.available","inStock":true,"pricePerUnit":"","discountInPercent":25,"created":1445164810000,"lastChanged":1598591581000,"ratingsLink":"/produktbewertungen/1316917/magnesium-verla-300-uno-orange.htm","ean":"","RPMultiplier":1,"ribbonText":"","primaryCategory":["Die Online-Apotheke für Deutschland","Die Online-Apotheke für Deutschland/Arzneimittel & weitere Produkte ","Die Online-Apotheke für Deutschland/Arzneimittel & weitere Produkte /Vitamine & Mineralstoffe","Die Online-Apotheke für Deutschland/Arzneimittel & weitere Produkte /Vitamine & Mineralstoffe/Mineralstoffe & Spurenelemente","Die Online-Apotheke für Deutschland/Arzneimittel & weitere Produkte /Vitamine & Mineralstoffe/Mineralstoffe & Spurenelemente/Magnesium"],"topsellerCountBucket":12,"filterAttributes":["Lebensmittel","ABO"],"filterRating":0.1,"packSize":"50 St","variants":[{"id":"01316900","text":"Zur Deckung eines erhöhten Magnesium-Bedarfs","webDetailPath":"arzneimittel/1316900/magnesium-verla-300-uno-orange.htm","stock":"product.stockStatus.available","active":true,"discount":"23","retailPrice":"703","listPrice":"911","packSize":"20 St","nowProductGroup":"sameday_nextday","attributes":["Lebensmittel"],"productName":"Magnesium Verla® 300 uno Orange","pricePerUnit":"","imageUrl":"https://cdn.shop-apotheke.com/images/magnesium-verla-300-uno-orange-granulat-D01316900-p1.jpg","pharmaForm":"Granulat","ribbonText":"","RPMultiplier":"1"},{"id":"01316917","text":"Zur Deckung eines erhöhten Magnesium-Bedarfs","webDetailPath":"arzneimittel/1316917/magnesium-verla-300-uno-orange.htm","stock":"product.stockStatus.available","active":false,"discount":"25","retailPrice":"1358","listPrice":"1815","packSize":"50 St","nowProductGroup":"nextday","attributes":["Lebensmittel","ABO"],"productName":"Magnesium Verla® 300 uno Orange","pricePerUnit":"","imageUrl":"https://cdn.shop-apotheke.com/images/magnesium-verla-300-uno-orange-granulat-D01316917-p1.jpg","pharmaForm":"Granulat","ribbonText":"","RPMultiplier":"1"}],"master":false,"marketplace":true,"nowProductGroup":"nextday","notOnStockMessage":"","stockStatusColor":"green","categoryCodes":["csd00001","csd00324","csd00328","csd00336","csd01434","csd01461","csd02271","csd02859","root","catalogs","main","landingpages","csd03339","csd03461","csd03526","csd02968","csd03571","csd03575","csd00283","csd03623","csd03631","csd03646","csd03644","csd03684","csd03690","csd03692"],"prices":{"listPrice":{"amount":18.15,"net":17.29,"currency":"EUR","info":{"index":1,"text":"AVP / UVP"}},"retailPrice":{"amount":13.58,"net":12.93,"currency":"EUR","info":{"index":1,"text":"AVP / UVP"}}},"calculatedRatingRanking":4.44,"objectID":"01316917","_highlightResult":{"activeSubstances":[{"value":"Trimagnesiumdicitrat-1-Wasser","matchLevel":"none","matchedWords":[]}]},"_rankingInfo":{"nbTypos":0,"firstMatchedWord":0,"proximityDistance":0,"userScore":142,"geoDistance":0,"geoPrecision":1,"nbExactWords":0,"words":1,"filters":1,"personalization":{"score":0,"rankingScore":0,"filtersScore":0,"textualRelevanceBucket":1,"initialPosition":58,"newPosition":58}}},{"brandCode":"csd2240","pzn":"03464237","productName":"ASPIRIN® plus C Brausetabletten","secondaryCategories":["Ratgeber","Kopfschmerzen","RedPoints Aktionswoche - Gute Vorsätze","Beauty ","Schmerzen","Zahnschmerzen","Black Friday®","30% und mehr","Landingpages","NOW! Schmerzen","Landingpages","NOW! Reiseapotheke","Black Friday®","Erkältungs-Produkte","Landingpages","Gesund durch den Karneval","Schmerzen","Fiebersenkende Schmerzmittel","Erkältung & Grippe","Fiebersenkende Schmerzmittel","Kopfschmerzen","Kombinationen mit Vitaminen","Landingpages","SHOP APOTHEKE NOW!","Healthy Deals","Healthy Deals Reiseapotheke","Healthy Deals","Healthy Deals Aktionsprodukte","Landingpages","Healthy Deals App-Angebote"],"manufacturer":"Bayer Vital GmbH","pharmaForm":"Brausetabletten","brand":"Aspirin Plus C","brandIntern":"ASPIRIN®","subBrandIntern":"PLUS C","activeSubstances":["Acetylsalicylsäure","Ascorbinsäure"],"additiveSubstances":["Natriumcarbonat","Natriumhydrogencarbonat","Citronensäure","Natrium dihydrogencitrat"],"additiveSubstancesHtml":"<ul><li>Natriumcarbonat</li><li>Natriumhydrogencarbonat</li><li>Citronensäure</li><li>Natrium dihydrogencitrat</li></ul>","descriptionShort":"Bei stärkeren Kopfschmerzen und Erkältungsschmerzen wie Hals- und Gliederschmerzen sowie Fieber","keywords":["Fieber"],"unit":"St","unitQuantityString":"40","masterID":"01406632","indicationRanges":["Analgetika/ Antipyretika","Antipyretisch wirkende Analgetika","Kombinationen mit Vitaminen"],"ratingCount":192,"averageRating":4.88,"attributes":["apothekenpflichtig","Arzneimittel"],"prescriptionMedicine":false,"price":1257,"listPrice":1850,"netRetailPrice":1084,"priceFormatted":"€ 12,57","listPriceFormatted":"€ 18,50","potency":"","ifap":"Das Arzneimittel ist ein schmerzstillendes, fiebersenkendes und entzündungshemmendes Arzneimittel (nichtsteroidales Antiphlogistikum/Analgetikum). Bitte beachten Sie die Angaben für Kinder und Jugendliche. Das Arzneimittel wird angewendet bei:leichten bis mäßig starken Schmerzen wie Kopfschmerzen, Zahnschmerzen, Regelschmerzen, schmerzhafte Beschwerden, die im Rahmen von Erkältungskrankheiten auftreten (z.B. Kopf-, Hals- und Gliederschmerzen). Fieber. Wenn Sie sich nach 4 Tagen nicht besser oder gar schlechter fühlen, wenden Sie sich an Ihren Arzt.","image":"https://cdn.shop-apotheke.com/images/aspirin-plus-c-brausetabletten-brausetabletten-D03464237-p1.jpg","hasImage":true,"deeplink":"arzneimittel/3464237/aspirin-plus-c-brausetabletten.htm","applicablePromotions":"","variantDetails":"01406632|03464237|32|40 St|1257|arzneimittel/3464237/aspirin-plus-c-brausetabletten.htm|product.stockStatus.available","stockStatus":"","stockStatusReason":"product.stockStatus.available","inStock":true,"pricePerUnit":"","discountInPercent":32,"created":1445175019000,"lastChanged":1598612527000,"ratingsLink":"/produktbewertungen/3464237/aspirin-plus-c-brausetabletten.htm","ean":"","RPMultiplier":1,"ribbonText":"","primaryCategory":["Die Online-Apotheke für Deutschland","Die Online-Apotheke für Deutschland/Arzneimittel & weitere Produkte ","Die Online-Apotheke für Deutschland/Arzneimittel & weitere Produkte /Schmerzen","Die Online-Apotheke für Deutschland/Arzneimittel & weitere Produkte /Schmerzen/Kopfschmerzen","Die Online-Apotheke für Deutschland/Arzneimittel & weitere Produkte /Schmerzen/Kopfschmerzen/ASS & Aspirin"],"topsellerCountBucket":12,"filterAttributes":[],"filterRating":0.12,"packSize":"40 St","variants":[{"id":"01406632","text":"Bei stärkeren Kopfschmerzen und Erkältungsschmerzen wie Hals- und Gliederschmerzen, sowie Fieberund Fieber","webDetailPath":"arzneimittel/1406632/aspirin-plus-c-brausetabletten.htm","stock":"product.stockStatus.available","active":true,"discount":"33","retailPrice":"456","listPrice":"680","packSize":"10 St","nowProductGroup":"nextday","attributes":["apothekenpflichtig","Arzneimittel"],"productName":"Aspirin® Plus C Brausetabletten","pricePerUnit":"","imageUrl":"https://cdn.shop-apotheke.com/images/aspirin-plus-c-brausetabletten-brausetabletten-D01406632-p1.jpg","pharmaForm":"Brausetabletten","ribbonText":"","RPMultiplier":"1"},{"id":"01894063","text":"Bei stärkeren Kopfschmerzen und Erkältungsschmerzen wie Hals- und Gliederschmerzen sowie Fieberund Fieber","webDetailPath":"arzneimittel/1894063/aspirin-plus-c-brausetabletten.htm","stock":"product.stockStatus.available","active":false,"discount":"32","retailPrice":"758","listPrice":"1121","packSize":"20 St","nowProductGroup":"nextday","attributes":["apothekenpflichtig","Arzneimittel"],"productName":"ASPIRIN® plus C Brausetabletten","pricePerUnit":"","imageUrl":"https://cdn.shop-apotheke.com/images/aspirin-plus-c-brausetabletten-brausetabletten-D01894063-p1.jpg","pharmaForm":"Brausetabletten","ribbonText":"","RPMultiplier":"1"},{"id":"03464237","text":"Bei stärkeren Kopfschmerzen und Erkältungsschmerzen wie Hals- und Gliederschmerzen sowie Fieber","webDetailPath":"arzneimittel/3464237/aspirin-plus-c-brausetabletten.htm","stock":"product.stockStatus.available","active":false,"discount":"32","retailPrice":"1257","listPrice":"1850","packSize":"40 St","nowProductGroup":"sameday_nextday","attributes":["apothekenpflichtig","Arzneimittel"],"productName":"ASPIRIN® plus C Brausetabletten","pricePerUnit":"","imageUrl":"https://cdn.shop-apotheke.com/images/aspirin-plus-c-brausetabletten-brausetabletten-D03464237-p1.jpg","pharmaForm":"Brausetabletten","ribbonText":"","RPMultiplier":"1"}],"master":false,"marketplace":true,"nowProductGroup":"sameday_nextday","notOnStockMessage":"","stockStatusColor":"green","categoryCodes":["csd00001","csd00269","csd02394","csd02396","csd00275","csd00282","csd00061","csd01059","root","catalogs","main","themeshop","csd01416","csd02399","csd01434","csd02271","csd02859","csd02862","csd03171","csd03172","landingpages","csd03339","csd03461","csd03475","csd03476","csd02968","csd03569","csd03635","csd03716"],"prices":{"listPrice":{"amount":18.5,"net":15.95,"currency":"EUR","info":{"index":1,"text":"AVP / UVP"}},"retailPrice":{"amount":12.57,"net":10.84,"currency":"EUR","info":{"index":1,"text":"AVP / UVP"}}},"calculatedRatingRanking":4.39,"objectID":"03464237","_highlightResult":{"activeSubstances":[{"value":"<ais-highlight-0000000000>A</ais-highlight-0000000000>cetylsalicylsäure","matchLevel":"full","fullyHighlighted":false,"matchedWords":["a"]},{"value":"<ais-highlight-0000000000>A</ais-highlight-0000000000>scorbinsäure","matchLevel":"full","fullyHighlighted":false,"matchedWords":["a"]}]},"_rankingInfo":{"nbTypos":0,"firstMatchedWord":0,"proximityDistance":0,"userScore":141,"geoDistance":0,"geoPrecision":1,"nbExactWords":0,"words":1,"filters":1,"personalization":{"score":0,"rankingScore":0,"filtersScore":0,"textualRelevanceBucket":1,"initialPosition":59,"newPosition":59}}},{"brandCode":"csd02796","pzn":"13155690","productName":"VIGANTOL® 1.000 I.E. Vitamin D3","secondaryCategories":["Ratgeber","Vitamin D3 Mangel","Landingpages","Vigantolvit®","Black Friday®","40% und mehr","Landingpages","Flash Deal Mineralstoffe","Landingpages","Unsere Topseller","Landingpages","Topseller","Landingpages","Topseller","Geschenke Themenwelt","Gesundheit schenken","Black Friday®","Wohl durch den Winter","UNSERE ADVENTS-ÜBERASCHUNG EXKLUSIV FÜR UNSERE BESTEN KUNDEN.","Advent 3","Landingpages","Adventskalender Türchen 20","Landingpages","Vorsatz: Vitamine & Mineralstoffe","Landingpages","RedPoints Moonlight Aktion","Landingpages","Abo Produkte"],"manufacturer":"P&G Health Germany GmbH","pharmaForm":"Tabletten","brand":"Vigantol","brandIntern":"VIGANTOL®","subBrandIntern":"","activeSubstances":["Colecalciferol"],"additiveSubstances":["Magnesium stearat","Siliciumdioxid, hochdisperses","Cellulose, mikrokristalline","Stärke, modifiziert","Carboxymethylstärke, Natrium Typ C","Mannitol","Triglyceride, mittelkettige","Natrium ascorbat","Saccharose","Maisstärke","DL-α-Tocopherol","Talkum"],"additiveSubstancesHtml":"<ul><li>Magnesium stearat</li><li>Siliciumdioxid, hochdisperses</li><li>Cellulose, mikrokristalline</li><li>Stärke, modifiziert</li><li>Carboxymethylstärke, Natrium Typ C</li><li>Mannitol</li><li>Triglyceride, mittelkettige</li><li>Natrium ascorbat</li><li>Saccharose</li><li>Maisstärke</li><li>DL-α-Tocopherol</li><li>Talkum</li></ul>","descriptionShort":"Zur Vorbeugung bei erkennbarem Risiko einer Vitamin-D-Mangelerkrankung","keywords":[],"unit":"St","unitQuantityString":"200","masterID":"13155678","indicationRanges":["Vitamine","Vitamin D und Derivate","Vitamin D (Monopräparate)"],"ratingCount":296,"averageRating":4.87,"attributes":["apothekenpflichtig","Arzneimittel","ABO"],"prescriptionMedicine":false,"price":1022,"listPrice":1462,"netRetailPrice":881,"priceFormatted":"€ 10,22","listPriceFormatted":"€ 14,62","potency":"","ifap":"Das Arzneimittel ist ein Vitaminpräparat: es enthält Colecalciferol (entspricht Vitamin D3). Es wird angewendet:Zur Vorbeugung gegen Rachitis (Verkalkungsstörungen des Skeletts im Wachstumsalter) und Osteomalazie (Knochenerweichung bei Erwachsenen) Zur Vorbeugung gegen Rachitis (Verkalkungsstörungen des Skeletts im Wachstumsalter) bei Frühgeborenen Zur Vorbeugung bei erkennbarem Risiko einer Vitamin-D-Mangelerkrankung bei ansonsten Gesunden ohne Resorptionsstörung (Störung der Aufnahme von Vitamin D im Darm) bei Kindern und Erwachsenen Zur unterstützenden Behandlung der Osteoporose (Abbau des Knochengewebes) bei Erwachsenen","image":"https://cdn.shop-apotheke.com/images/vigantol-1-000-i-e-vitamin-d3-tabletten-D13155690-p1.jpg","hasImage":true,"deeplink":"arzneimittel/13155690/vigantol-1-000-i-e-vitamin-d3.htm","applicablePromotions":"","variantDetails":"13155678|13155690|30|200 St|1022|arzneimittel/13155690/vigantol-1-000-i-e-vitamin-d3.htm|product.stockStatus.available","stockStatus":"","stockStatusReason":"product.stockStatus.available","inStock":true,"pricePerUnit":"","discountInPercent":30,"created":1511337916000,"lastChanged":1598572396000,"ratingsLink":"/produktbewertungen/13155690/vigantol-1-000-i-e-vitamin-d3.htm","ean":"","RPMultiplier":1,"ribbonText":"","primaryCategory":["Die Online-Apotheke für Deutschland","Die Online-Apotheke für Deutschland/Arzneimittel & weitere Produkte ","Die Online-Apotheke für Deutschland/Arzneimittel & weitere Produkte /Vitamine & Mineralstoffe","Die Online-Apotheke für Deutschland/Arzneimittel & weitere Produkte /Vitamine & Mineralstoffe/Vitaminpräparate","Die Online-Apotheke für Deutschland/Arzneimittel & weitere Produkte /Vitamine & Mineralstoffe/Vitaminpräparate/Vitamin D"],"topsellerCountBucket":12,"filterAttributes":["ABO"],"filterRating":0.13,"packSize":"200 St","variants":[{"id":"13155678","text":"Zur Vorbeugung bei erkennbarem Risiko einer Vitamin-D-Mangelerkrankung","webDetailPath":"arzneimittel/13155678/vigantol-1-000-i-e-vitamin-d3.htm","stock":"product.stockStatus.available","active":true,"discount":"21","retailPrice":"343","listPrice":"434","packSize":"50 St","nowProductGroup":"sameday_nextday","attributes":["apothekenpflichtig","Arzneimittel"],"productName":"VIGANTOL® 1.000 I.E. Vitamin D3","pricePerUnit":"","imageUrl":"https://cdn.shop-apotheke.com/images/vigantol-1-000-i-e-vitamin-d3-tabletten-D13155678-p1.jpg","pharmaForm":"Tabletten","ribbonText":"","RPMultiplier":"1"},{"id":"13155684","text":"Zur Vorbeugung bei erkennbarem Risiko einer Vitamin-D-Mangelerkrankung","webDetailPath":"arzneimittel/13155684/vigantol-1-000-i-e-vitamin-d3.htm","stock":"product.stockStatus.available","active":false,"discount":"31","retailPrice":"530","listPrice":"767","packSize":"100 St","nowProductGroup":"sameday_nextday","attributes":["apothekenpflichtig","Arzneimittel"],"productName":"VIGANTOL® 1.000 I.E. Vitamin D3","pricePerUnit":"","imageUrl":"https://cdn.shop-apotheke.com/images/vigantol-1-000-i-e-vitamin-d3-tabletten-D13155684-p1.jpg","pharmaForm":"Tabletten","ribbonText":"","RPMultiplier":"1"},{"id":"13155690","text":"Zur Vorbeugung bei erkennbarem Risiko einer Vitamin-D-Mangelerkrankung","webDetailPath":"arzneimittel/13155690/vigantol-1-000-i-e-vitamin-d3.htm","stock":"product.stockStatus.available","active":false,"discount":"30","retailPrice":"1022","listPrice":"1462","packSize":"200 St","nowProductGroup":"sameday_nextday","attributes":["apothekenpflichtig","Arzneimittel","ABO"],"productName":"VIGANTOL® 1.000 I.E. Vitamin D3","pricePerUnit":"","imageUrl":"https://cdn.shop-apotheke.com/images/vigantol-1-000-i-e-vitamin-d3-tabletten-D13155690-p1.jpg","pharmaForm":"Tabletten","ribbonText":"","RPMultiplier":"1"},{"id":"08098781","text":"Zur Vorbeugung bei erkennbarem Risiko einer Vitamin-D-Mangelerkrankung","webDetailPath":"arzneimittel/8098781/vigantol-1-000-i-e-vitamin-d3.htm","stock":"product.stockStatus.available","active":false,"discount":"34","retailPrice":"1944","listPrice":"2924","packSize":"2x200 St","nowProductGroup":"sameday_nextday","attributes":["apothekenpflichtig","Arzneimittel","ABO"],"productName":"VIGANTOL® 1.000 I.E. Vitamin D3","pricePerUnit":"","imageUrl":"https://cdn.shop-apotheke.com/images/vigantol-1-000-i-e-vitamin-d3-tabletten-D08098781-p1.jpg","pharmaForm":"Tabletten","ribbonText":"Sparset","RPMultiplier":"1"}],"master":false,"marketplace":false,"nowProductGroup":"sameday_nextday","notOnStockMessage":"","stockStatusColor":"green","categoryCodes":["csd00001","csd00324","csd00352","csd00358","csd02764","csd02770","csd01458","csd01434","csd02271","csd02272","root","catalogs","main","landingpages","csd02954","csd03273","csd03516","csd03526","csd03646","csd03644","csd03647","csd03648","csd03668","csd03678","csd03690","csd03692","themeshop","csd1526"],"prices":{"listPrice":{"amount":14.62,"net":12.6,"currency":"EUR","info":{"index":1,"text":"AVP / UVP"}},"retailPrice":{"amount":10.22,"net":8.81,"currency":"EUR","info":{"index":1,"text":"AVP / UVP"}}},"calculatedRatingRanking":4.53,"objectID":"13155690","_highlightResult":{"activeSubstances":[{"value":"Colecalciferol","matchLevel":"none","matchedWords":[]}]},"_rankingInfo":{"nbTypos":0,"firstMatchedWord":0,"proximityDistance":0,"userScore":140,"geoDistance":0,"geoPrecision":1,"nbExactWords":0,"words":1,"filters":1,"personalization":{"score":0,"rankingScore":0,"filtersScore":0,"textualRelevanceBucket":1,"initialPosition":60,"newPosition":60}}},{"brandCode":"csd2825","pzn":"07463832","productName":"octenisept® Wund-Desinfektions-Spray","secondaryCategories":["Landingpages","octenisept®","Markenshops","octenisept<sup>®</sup>","octenisept<sup>®</sup>","Wundversorgung","Black Friday®","30% und mehr","Landingpages","NOW! Reiseapotheke","Landingpages","Unsere Topseller","Landingpages","Topseller","Landingpages","Topseller","UNSERE ADVENTS-ÜBERASCHUNG EXKLUSIV FÜR UNSERE BESTEN KUNDEN.","Advent 3"],"manufacturer":"SCHÜLKE & MAYR GmbH","pharmaForm":"Lösung","brand":"octenisept","brandIntern":"schülke","subBrandIntern":"octenisept®","activeSubstances":["Phenoxyethanol","Octenidin dihydrochlorid"],"additiveSubstances":["Cocamidopropyl betain","Natriumhydroxid zur pH-Wert-Einstellung","Wasser, gereinigtes","D-Gluconsäure, Natriumsalz","Natriumchlorid","Glycerol 85%"],"additiveSubstancesHtml":"<ul><li>Cocamidopropyl betain</li><li>Natriumhydroxid zur pH-Wert-Einstellung</li><li>Wasser, gereinigtes</li><li>D-Gluconsäure, Natriumsalz</li><li>Natriumchlorid</li><li>Glycerol 85%</li></ul>","descriptionShort":"Zur Desinfektion von akuten und chronischen Wunden und zur Verhinderung von Infektionen","keywords":["wunddesinfektion","wundspray"],"unit":"ml","unitQuantityString":"50","masterID":"07463832","indicationRanges":["Antiseptika/ Desinfektionsmittel","Sonstige","Dermatotherapeutika","Therapie von infizierten und nicht infizierten Hautläsionen","Sonstige antibakteriell bzw. antiseptisch wirkende Präparate"],"ratingCount":114,"averageRating":4.87,"attributes":["Arzneimittel"],"prescriptionMedicine":false,"price":682,"listPrice":718,"netRetailPrice":588,"priceFormatted":"€ 6,82","listPriceFormatted":"€ 7,18","potency":"","ifap":"Das Präparat ist ein Antiseptikum zur wiederholten, zeitlich begrenzten antiseptischen Behandlung von Schleimhaut und angrenzender Haut vor diagnostischen und operativen Maßnahmen - im Ano-Genitalbereich von Vagina, Vulva, Glans penis, auch vor Katheterisierung der Harnblase - in der Mundhöhle. Zur zeitlich begrenzten unterstützenden Therapie bei Pilzerkrankungen der Haut zwischen den Zehen sowie zur unterstützenden antiseptischen Wundbehandlung.","image":"https://cdn.shop-apotheke.com/images/octenisept-wund-desinfektions-spray-loesung-D07463832-p1.jpg","hasImage":true,"deeplink":"arzneimittel/7463832/octenisept-wund-desinfektions-spray.htm","applicablePromotions":"","variantDetails":"07463832|07463832|5|50 ml|682|arzneimittel/7463832/octenisept-wund-desinfektions-spray.htm|product.stockStatus.available","stockStatus":"","stockStatusReason":"product.stockStatus.available","inStock":true,"pricePerUnit":"13,64 € / 100 ml","discountInPercent":5,"created":1445167206000,"lastChanged":1598570690000,"ratingsLink":"/produktbewertungen/7463832/octenisept-wund-desinfektions-spray.htm","ean":"4032651214181","RPMultiplier":1,"ribbonText":"","primaryCategory":["Die Online-Apotheke für Deutschland","Die Online-Apotheke für Deutschland/Arzneimittel & weitere Produkte ","Die Online-Apotheke für Deutschland/Arzneimittel & weitere Produkte /Haus- & Reiseapotheke","Die Online-Apotheke für Deutschland/Arzneimittel & weitere Produkte /Haus- & Reiseapotheke/Erste Hilfe & Verbandmittel","Die Online-Apotheke für Deutschland/Arzneimittel & weitere Produkte /Haus- & Reiseapotheke/Erste Hilfe & Verbandmittel/Haut- & Wunddesinfektion"],"topsellerCountBucket":12,"filterAttributes":[],"filterRating":0.13,"packSize":"50 ml","variants":[{"id":"07463832","text":"Zur Desinfektion von akuten und chronischen Wunden und zur Verhinderung von Infektionen","webDetailPath":"arzneimittel/7463832/octenisept-wund-desinfektions-spray.htm","stock":"product.stockStatus.available","active":true,"discount":"5","retailPrice":"682","listPrice":"718","packSize":"50 ml","nowProductGroup":"sameday_nextday","attributes":["Arzneimittel"],"productName":"octenisept® Wund-Desinfektions-Spray","pricePerUnit":"13,64 € / 100 ml","imageUrl":"https://cdn.shop-apotheke.com/images/octenisept-wund-desinfektions-spray-loesung-D07463832-p1.jpg","pharmaForm":"Lösung","ribbonText":"","RPMultiplier":"1"}],"master":true,"marketplace":true,"nowProductGroup":"sameday_nextday","notOnStockMessage":"","stockStatusColor":"green","categoryCodes":["csd00001","csd00077","csd00078","csd00092","root","catalogs","main","brandshop","csd01516","csd01518","landingpages","csd01583","csd01434","csd02271","csd02859","csd03273","csd03476","csd03646","csd03644","csd03647","csd03648"],"prices":{"listPrice":{"amount":7.18,"net":6.19,"currency":"EUR","info":{"index":1,"text":"AVP / UVP"}},"retailPrice":{"amount":6.82,"net":5.88,"currency":"EUR","info":{"index":1,"text":"AVP / UVP"}}},"calculatedRatingRanking":4.15,"objectID":"07463832","_highlightResult":{"activeSubstances":[{"value":"Phenoxyethanol","matchLevel":"none","matchedWords":[]},{"value":"Octenidin dihydrochlorid","matchLevel":"none","matchedWords":[]}]},"_rankingInfo":{"nbTypos":0,"firstMatchedWord":0,"proximityDistance":0,"userScore":139,"geoDistance":0,"geoPrecision":1,"nbExactWords":0,"words":1,"filters":1,"personalization":{"score":0,"rankingScore":0,"filtersScore":0,"textualRelevanceBucket":1,"initialPosition":61,"newPosition":61}}},{"brandCode":"csd2759","pzn":"03046735","productName":"Thomapyrin® CLASSIC Schmerztabletten","secondaryCategories":["Ratgeber","Kopfschmerzen","RedPoints Aktionswoche - Gute Vorsätze","Beauty ","Kopfschmerzen","ASS & Paracetamol Kombinationen","Schmerzen","Zahnschmerzen","Black Friday®","30% und mehr","Landingpages","NOW! Erkältung","Landingpages","Unsere Top-Produkte","Landingpages","Unsere Topseller","Landingpages","Topseller","Landingpages","Topseller","Black Friday®","Erkältungs-Produkte","UNSERE ADVENTS-ÜBERASCHUNG EXKLUSIV FÜR UNSERE BESTEN KUNDEN.","Advent 3","Landingpages","100 Topseller","Erkältung & Grippe","Fiebersenkende Schmerzmittel","Kopfschmerzen","Schmerzmittel mit Koffein","Landingpages","SHOP APOTHEKE NOW!","Healthy Deals","RedPoints-Aktion"],"manufacturer":"Sanofi-Aventis Deutschland GmbH GB Selbstmedikation /Consumer-Care","pharmaForm":"Tabletten","brand":"Thomapyrin","brandIntern":"Thomapyrin®","subBrandIntern":"CLASSIC","activeSubstances":["Acetylsalicylsäure","Paracetamol","Coffein"],"additiveSubstances":["Stearinsäure","Maisstärke","Lactose-1-Wasser"],"additiveSubstancesHtml":"<ul><li>Stearinsäure</li><li>Maisstärke</li><li>Lactose-1-Wasser</li></ul>","descriptionShort":"Bei leichten bis mäßig starken Kopfschmerzen","keywords":["classic","Thomapyrin","Schmerz","Schmerzen","Kopfschmerzen","Migräne","Schmerztabletten"],"unit":"St","unitQuantityString":"20","masterID":"03046698","indicationRanges":["Analgetika/ Antipyretika","Antipyretisch wirkende Analgetika","Kombinationen, coffeinhaltig"],"ratingCount":181,"averageRating":4.87,"attributes":["apothekenpflichtig","Arzneimittel"],"prescriptionMedicine":false,"price":486,"listPrice":719,"netRetailPrice":419,"priceFormatted":"€ 4,86","listPriceFormatted":"€ 7,19","potency":"","ifap":"Das Präparat ist ein schmerzstillendes, fiebersenkendes und entzündungshemmendes Arzneimittel (nichtsteroidales Antiphlogistikum/Analgetikum). Es wird angewendet für Erwachsene und Jugendliche ab 12 Jahren bei:Akuten leichten bis mäßig starken Schmerzen.","image":"https://cdn.shop-apotheke.com/images/thomapyrin-classic-schmerztabletten-tabletten-D03046735-p1.jpg","hasImage":true,"deeplink":"arzneimittel/3046735/thomapyrin-classic-schmerztabletten.htm","applicablePromotions":"","variantDetails":"03046698|03046735|32|20 St|486|arzneimittel/3046735/thomapyrin-classic-schmerztabletten.htm|product.stockStatus.available","stockStatus":"","stockStatusReason":"product.stockStatus.available","inStock":true,"pricePerUnit":"","discountInPercent":32,"created":1445164238000,"lastChanged":1598578217000,"ratingsLink":"/produktbewertungen/3046735/thomapyrin-classic-schmerztabletten.htm","ean":"","RPMultiplier":1,"ribbonText":"","primaryCategory":["Die Online-Apotheke für Deutschland","Die Online-Apotheke für Deutschland/Arzneimittel & weitere Produkte ","Die Online-Apotheke für Deutschland/Arzneimittel & weitere Produkte /Schmerzen","Die Online-Apotheke für Deutschland/Arzneimittel & weitere Produkte /Schmerzen/Fiebersenkende Schmerzmittel"],"topsellerCountBucket":12,"filterAttributes":[],"filterRating":0.13,"packSize":"20 St","variants":[{"id":"03046698","text":"Bei leichten bis mäßig starken Kopfschmerzen","webDetailPath":"arzneimittel/3046698/thomapyrin-classic-schmerztabletten.htm","stock":"product.stockStatus.nl","active":true,"discount":"38","retailPrice":"290","listPrice":"467","packSize":"10 St","nowProductGroup":"none","attributes":["apothekenpflichtig","Arzneimittel"],"productName":"Thomapyrin® CLASSIC Schmerztabletten","pricePerUnit":"","imageUrl":"https://cdn.shop-apotheke.com/images/thomapyrin-classic-schmerztabletten-tabletten-D03046698-p1.jpg","pharmaForm":"Tabletten","ribbonText":"","RPMultiplier":"1"},{"id":"03046735","text":"Bei leichten bis mäßig starken Kopfschmerzen","webDetailPath":"arzneimittel/3046735/thomapyrin-classic-schmerztabletten.htm","stock":"product.stockStatus.available","active":false,"discount":"32","retailPrice":"486","listPrice":"719","packSize":"20 St","nowProductGroup":"sameday_nextday","attributes":["apothekenpflichtig","Arzneimittel"],"productName":"Thomapyrin® CLASSIC Schmerztabletten","pricePerUnit":"","imageUrl":"https://cdn.shop-apotheke.com/images/thomapyrin-classic-schmerztabletten-tabletten-D03046735-p1.jpg","pharmaForm":"Tabletten","ribbonText":"","RPMultiplier":"1"}],"master":false,"marketplace":true,"nowProductGroup":"sameday_nextday","notOnStockMessage":"","stockStatusColor":"green","categoryCodes":["csd00001","csd00269","csd00275","csd00282","csd00061","csd01059","root","catalogs","main","themeshop","csd01584","csd02394","csd02400","csd02401","csd01434","csd02271","csd02859","csd02862","csd03171","csd03172","landingpages","csd03273","csd02968","csd03288","csd03339","csd03341","csd03344","csd03506","csd03646","csd03644","csd03647","csd03648"],"prices":{"listPrice":{"amount":7.19,"net":6.2,"currency":"EUR","info":{"index":1,"text":"AVP / UVP"}},"retailPrice":{"amount":4.86,"net":4.19,"currency":"EUR","info":{"index":1,"text":"AVP / UVP"}}},"calculatedRatingRanking":4.36,"objectID":"03046735","_highlightResult":{"activeSubstances":[{"value":"<ais-highlight-0000000000>A</ais-highlight-0000000000>cetylsalicylsäure","matchLevel":"full","fullyHighlighted":false,"matchedWords":["a"]},{"value":"Paracetamol","matchLevel":"none","matchedWords":[]},{"value":"Coffein","matchLevel":"none","matchedWords":[]}]},"_rankingInfo":{"nbTypos":0,"firstMatchedWord":0,"proximityDistance":0,"userScore":138,"geoDistance":0,"geoPrecision":1,"nbExactWords":0,"words":1,"filters":1,"personalization":{"score":0,"rankingScore":0,"filtersScore":0,"textualRelevanceBucket":1,"initialPosition":62,"newPosition":62}}},{"brandCode":"csd2326","pzn":"02483617","productName":"Buscopan® PLUS Filmtabletten","secondaryCategories":["Schmerzen","Regelschmerzen","Frauengesundheit","Menstruationsbeschwerden","Ratgeber","Bauchschmerz","Märchenhafte Geschenkewelt","Der Wolf und die sieben Geißlein","Geschenke nach Budget","Geschenke bis 10 Euro","Black Friday®","40% und mehr","Specials","Neujahrs-Special","Landingpages","Unsere Top-Produkte","Landingpages","NOW! Schmerzen","Landingpages","NOW! Reiseapotheke","Black Friday®","Wohl durch den Winter","UNSERE ADVENTS-ÜBERASCHUNG EXKLUSIV FÜR UNSERE BESTEN KUNDEN.","Advent 3","Landingpages","Angebote aus der App-otheke ","Landingpages","Weltgesundheitstag: Hausapotheke","Landingpages","Top Kunden Sommer","Landingpages","SHOP APOTHEKE NOW!","Healthy Deals","Healthy Deals Reiseapotheke","Landingpages","Mai Aktion","Landingpages","Mai Kracher","Healthy Deals","Healthy Deals Aktionsprodukte","Healthy Deals","Healthy Deals Gutes Bauchgefühl","Landingpages","Healthy Deals App-Angebote"],"manufacturer":"Sanofi-Aventis Deutschland GmbH GB Selbstmedikation /Consumer-Care","pharmaForm":"Filmtabletten","brand":"Buscopan Plus","brandIntern":"Buscopan®","subBrandIntern":"PLUS","activeSubstances":["Paracetamol","Butylscopolaminiumbromid"],"additiveSubstances":["Magnesium stearat","Simeticon","Hypromellose","Ethylcellulose","Poly(ethylacrylat-co-methylmethacrylat) (2:1)","Siliciumdioxid, hochdisperses","Cellulose, mikrokristalline","Carmellose natrium","Maisstärke","Macrogol 6000","Titandioxid","Talkum"],"additiveSubstancesHtml":"<ul><li>Magnesium stearat</li><li>Simeticon</li><li>Hypromellose</li><li>Ethylcellulose</li><li>Poly(ethylacrylat-co-methylmethacrylat) (2:1)</li><li>Siliciumdioxid, hochdisperses</li><li>Cellulose, mikrokristalline</li><li>Carmellose natrium</li><li>Maisstärke</li><li>Macrogol 6000</li><li>Titandioxid</li><li>Talkum</li></ul>","descriptionShort":"Bei Reizdarm, Bauchschmerzen und Regelschmerzen","keywords":["bauchkrämpfe"],"unit":"St","unitQuantityString":"20","masterID":"02483617","indicationRanges":["Analgetika/ Antipyretika","Antipyretisch wirkende Analgetika","Sonstige Kombinationen","Spasmolytika","Neurotrope","Kombinationen mit Analgetika und/oder Sedativa"],"ratingCount":160,"averageRating":4.87,"attributes":["apothekenpflichtig","Arzneimittel"],"prescriptionMedicine":false,"price":814,"listPrice":1204,"netRetailPrice":702,"priceFormatted":"€ 8,14","listPriceFormatted":"€ 12,04","potency":"","ifap":"Das Arzneimittel ist ein Spasmoanalgetikum (Kombination von krampflösenden und schmerzstillenden Wirkstoffen). Es wird angewendet bei krampfartigen Schmerzen bei Erkrankungen des Magens und des Darmes, krampfartigen Schmerzen und Funktionsstörungen im Bereich der Gallenwege, der ableitenden Harnwege sowie der weiblichen Geschlechtsorgane (z. B. schmerzhafte Regelblutungen). Wenn Sie sich nach 3 - 4 Tagen nicht besser oder gar schlechter fühlen, wenden Sie sich an Ihren Arzt.","image":"https://cdn.shop-apotheke.com/images/buscopan-plus-filmtabletten-filmtabletten-D02483617-p1.jpg","hasImage":true,"deeplink":"arzneimittel/2483617/buscopan-plus-filmtabletten.htm","applicablePromotions":"","variantDetails":"02483617|02483617|32|20 St|814|arzneimittel/2483617/buscopan-plus-filmtabletten.htm|product.stockStatus.available","stockStatus":"","stockStatusReason":"product.stockStatus.available","inStock":true,"pricePerUnit":"","discountInPercent":32,"created":1445168750000,"lastChanged":1598578221000,"ratingsLink":"/produktbewertungen/2483617/buscopan-plus-filmtabletten.htm","ean":"","RPMultiplier":1,"ribbonText":"","primaryCategory":["Die Online-Apotheke für Deutschland","Die Online-Apotheke für Deutschland/Arzneimittel & weitere Produkte ","Die Online-Apotheke für Deutschland/Arzneimittel & weitere Produkte /Magen & Darm","Die Online-Apotheke für Deutschland/Arzneimittel & weitere Produkte /Magen & Darm/Blähungen & Krämpfe"],"topsellerCountBucket":12,"filterAttributes":[],"filterRating":0.13,"packSize":"20 St","variants":[{"id":"02483617","text":"Bei Reizdarm, Bauchschmerzen und Regelschmerzen","webDetailPath":"arzneimittel/2483617/buscopan-plus-filmtabletten.htm","stock":"product.stockStatus.available","active":true,"discount":"32","retailPrice":"814","listPrice":"1204","packSize":"20 St","nowProductGroup":"sameday_nextday","attributes":["apothekenpflichtig","Arzneimittel"],"productName":"Buscopan® PLUS Filmtabletten","pricePerUnit":"","imageUrl":"https://cdn.shop-apotheke.com/images/buscopan-plus-filmtabletten-filmtabletten-D02483617-p1.jpg","pharmaForm":"Filmtabletten","ribbonText":"","RPMultiplier":"1"}],"master":true,"marketplace":true,"nowProductGroup":"sameday_nextday","notOnStockMessage":"","stockStatusColor":"green","categoryCodes":["csd00001","csd00219","csd00221","csd00072","csd00075","csd00269","csd00280","root","catalogs","main","themeshop","csd01395","csd01434","csd01461","csd02271","csd02272","csd02764","csd02768","csd02769","csd01454","csd02835","csd02842","landingpages","csd03339","csd03461","csd03475","csd03476","csd03506","csd02968","csd03568","csd03569","csd03635","csd03646","csd03644","csd03668","csd03684","csd03715","csd03939","csd03995","csd03997"],"prices":{"listPrice":{"amount":12.04,"net":10.38,"currency":"EUR","info":{"index":1,"text":"AVP / UVP"}},"retailPrice":{"amount":8.14,"net":7.02,"currency":"EUR","info":{"index":1,"text":"AVP / UVP"}}},"calculatedRatingRanking":4.31,"objectID":"02483617","_highlightResult":{"activeSubstances":[{"value":"Paracetamol","matchLevel":"none","matchedWords":[]},{"value":"Butylscopolaminiumbromid","matchLevel":"none","matchedWords":[]}]},"_rankingInfo":{"nbTypos":0,"firstMatchedWord":0,"proximityDistance":0,"userScore":137,"geoDistance":0,"geoPrecision":1,"nbExactWords":0,"words":1,"filters":1,"personalization":{"score":0,"rankingScore":0,"filtersScore":0,"textualRelevanceBucket":1,"initialPosition":63,"newPosition":63}}},{"brandCode":"csd2565","pzn":"07330597","productName":"Magnesium Verla® N Dragées","secondaryCategories":["Black Friday®","30% und mehr","Landingpages","Flash Deal Mineralstoffe","Sportlernährstoffe","Magnesium","Landingpages","Vorsatz: Vitamine & Mineralstoffe","Landingpages","Abo Produkte","Landingpages","SHOP APOTHEKE NOW!"],"manufacturer":"Verla-Pharm Arzneimittel GmbH & Co. KG","pharmaForm":"Tabletten magensaftresistent","brand":"Magnesium Verla N Dragees","brandIntern":"VERLA","subBrandIntern":"Magnesium Verla®","activeSubstances":["Magnesiumhydrogen- L-glutamat-4-Wasser","Trimagnesiumdicitrat-9-Wasser"],"additiveSubstances":["Montanglycolwachs","Triethylcitrat","Methacrylsäure-Ethylacrylat Copolymer (1:1)","Kaliumdihydrogenphosphat","Kohlenhydrate","Glucose-Lösung","Povidon K25","Vanillin","Saccharose","Macrogol 6000","Macrogol 35000","Dimeticon 350","Titandioxid","Glycerol 85%","Calciumcarbonat","Talkum"],"additiveSubstancesHtml":"<ul><li>Montanglycolwachs</li><li>Triethylcitrat</li><li>Methacrylsäure-Ethylacrylat Copolymer (1:1)</li><li>Kaliumdihydrogenphosphat</li><li>Kohlenhydrate</li><li>Glucose-Lösung</li><li>Povidon K25</li><li>Vanillin</li><li>Saccharose</li><li>Macrogol 6000</li><li>Macrogol 35000</li><li>Dimeticon 350</li><li>Titandioxid</li><li>Glycerol 85%</li><li>Calciumcarbonat</li><li>Talkum</li></ul>","descriptionShort":"Bei Magnesiummangel","keywords":["magnesium"],"unit":"St","unitQuantityString":"10X100","masterID":"03554928","indicationRanges":["Mineralstoffe (Therapie und Substitution)","Magnesium-Präparate","Magnesium-Salze, oral"],"ratingCount":325,"averageRating":4.86,"attributes":["apothekenpflichtig","Arzneimittel","ABO"],"prescriptionMedicine":false,"price":5509,"listPrice":6073,"netRetailPrice":5247,"priceFormatted":"€ 55,09","listPriceFormatted":"€ 60,73","potency":"","ifap":"Das Arzneimittel ist ein Mineralstoffpräparat. Das Arzneimittel wird angewendet bei nachgewiesenem Magnesiummangel, wenn er Ursache für Störungen der Muskeltätigkeit (neuromuskuläre Störungen, Wadenkrämpfe) ist.","image":"https://cdn.shop-apotheke.com/images/magnesium-verla-n-dragees-tabletten-magensaftresistent-D07330597-p1.jpg","hasImage":true,"deeplink":"arzneimittel/7330597/magnesium-verla-n-dragees.htm","applicablePromotions":"","variantDetails":"03554928|07330597|9|10X100 St|5509|arzneimittel/7330597/magnesium-verla-n-dragees.htm|product.stockStatus.available","stockStatus":"","stockStatusReason":"product.stockStatus.available","inStock":true,"pricePerUnit":"","discountInPercent":9,"created":1445175929000,"lastChanged":1598570616000,"ratingsLink":"/produktbewertungen/7330597/magnesium-verla-n-dragees.htm","ean":"","RPMultiplier":1,"ribbonText":"","primaryCategory":["Die Online-Apotheke für Deutschland","Die Online-Apotheke für Deutschland/Arzneimittel & weitere Produkte ","Die Online-Apotheke für Deutschland/Arzneimittel & weitere Produkte /Vitamine & Mineralstoffe","Die Online-Apotheke für Deutschland/Arzneimittel & weitere Produkte /Vitamine & Mineralstoffe/Mineralstoffe & Spurenelemente","Die Online-Apotheke für Deutschland/Arzneimittel & weitere Produkte /Vitamine & Mineralstoffe/Mineralstoffe & Spurenelemente/Magnesium"],"topsellerCountBucket":12,"filterAttributes":["ABO"],"filterRating":0.14,"packSize":"10X100 St","variants":[{"id":"03554928","text":"Bei Magnesiummangel","webDetailPath":"arzneimittel/3554928/magnesium-verla-n-dragees.htm","stock":"product.stockStatus.available","active":true,"discount":"31","retailPrice":"358","listPrice":"519","packSize":"50 St","nowProductGroup":"sameday_nextday","attributes":["apothekenpflichtig","Arzneimittel"],"productName":"Magnesium Verla® N Dragées","pricePerUnit":"","imageUrl":"https://cdn.shop-apotheke.com/images/magnesium-verla-n-dragees-tabletten-magensaftresistent-D03554928-p1.jpg","pharmaForm":"Tabletten magensaftresistent","ribbonText":"","RPMultiplier":"1"},{"id":"03554940","text":"Bei Magnesiummangel","webDetailPath":"arzneimittel/3554940/magnesium-verla-n-dragees.htm","stock":"product.stockStatus.available","active":false,"discount":"21","retailPrice":"4787","listPrice":"6073","packSize":"20X50 St","nowProductGroup":"nextday","attributes":["apothekenpflichtig","Arzneimittel"],"productName":"Magnesium Verla® N Dragées","pricePerUnit":"","imageUrl":"https://cdn.shop-apotheke.com/images/magnesium-verla-n-dragees-tabletten-magensaftresistent-D03554940-p1.jpg","pharmaForm":"Tabletten magensaftresistent","ribbonText":"","RPMultiplier":"1"},{"id":"03554934","text":"Bei Magnesiummangel","webDetailPath":"arzneimittel/3554934/magnesium-verla-n-dragees.htm","stock":"product.stockStatus.available","active":false,"discount":"25","retailPrice":"678","listPrice":"902","packSize":"100 St","nowProductGroup":"sameday_nextday","attributes":["apothekenpflichtig","Arzneimittel"],"productName":"Magnesium Verla® N Dragées","pricePerUnit":"","imageUrl":"https://cdn.shop-apotheke.com/images/magnesium-verla-n-dragees-tabletten-magensaftresistent-D03554934-p1.jpg","pharmaForm":"Tabletten magensaftresistent","ribbonText":"","RPMultiplier":"1"},{"id":"07330597","text":"Bei Magnesiummangel","webDetailPath":"arzneimittel/7330597/magnesium-verla-n-dragees.htm","stock":"product.stockStatus.available","active":false,"discount":"9","retailPrice":"5509","listPrice":"6073","packSize":"10X100 St","nowProductGroup":"sameday_nextday","attributes":["apothekenpflichtig","Arzneimittel","ABO"],"productName":"Magnesium Verla® N Dragées","pricePerUnit":"","imageUrl":"https://cdn.shop-apotheke.com/images/magnesium-verla-n-dragees-tabletten-magensaftresistent-D07330597-p1.jpg","pharmaForm":"Tabletten magensaftresistent","ribbonText":"","RPMultiplier":"1"},{"id":"04911945","text":"Bei Magnesiummangel","webDetailPath":"arzneimittel/4911945/magnesium-verla-n-dragees.htm","stock":"product.stockStatus.available","active":false,"discount":"29","retailPrice":"1108","listPrice":"1570","packSize":"200 St","nowProductGroup":"none","attributes":["apothekenpflichtig","Arzneimittel","ABO"],"productName":"Magnesium Verla® N Dragées","pricePerUnit":"","imageUrl":"https://cdn.shop-apotheke.com/images/magnesium-verla-n-dragees-tabletten-magensaftresistent-D04911945-p1.jpg","pharmaForm":"Tabletten magensaftresistent","ribbonText":"","RPMultiplier":"1"}],"master":false,"marketplace":true,"nowProductGroup":"sameday_nextday","notOnStockMessage":"","stockStatusColor":"green","categoryCodes":["csd00001","csd00324","csd00328","csd00336","csd01434","csd02271","csd02859","root","catalogs","main","landingpages","csd03339","csd03526","csd03575","csd00283","csd03623","csd03631","csd03690","csd03692"],"prices":{"listPrice":{"amount":60.73,"net":57.84,"currency":"EUR","info":{"index":1,"text":"AVP / UVP"}},"retailPrice":{"amount":55.09,"net":52.47,"currency":"EUR","info":{"index":1,"text":"AVP / UVP"}}},"calculatedRatingRanking":4.55,"objectID":"07330597","_highlightResult":{"activeSubstances":[{"value":"Magnesiumhydrogen- L-glutamat-4-Wasser","matchLevel":"none","matchedWords":[]},{"value":"Trimagnesiumdicitrat-9-Wasser","matchLevel":"none","matchedWords":[]}]},"_rankingInfo":{"nbTypos":0,"firstMatchedWord":0,"proximityDistance":0,"userScore":136,"geoDistance":0,"geoPrecision":1,"nbExactWords":0,"words":1,"filters":1,"personalization":{"score":0,"rankingScore":0,"filtersScore":0,"textualRelevanceBucket":1,"initialPosition":64,"newPosition":64}}},{"brandCode":"csd2490","pzn":"01689854","productName":"Imodium® akut lingual Schmelztabletten","secondaryCategories":["Geschenke Themenwelt","Gesundheit schenken","Märchenhafte Geschenkewelt","Der Wolf und die sieben Geißlein","Geschenke nach Budget","Geschenke bis 10 Euro","Black Friday®","30% und mehr","Landingpages","Unsere Top-Produkte","Landingpages","Unsere Topseller","Landingpages","Topseller","Landingpages","Topseller","Black Friday®","Wohl durch den Winter","UNSERE ADVENTS-ÜBERASCHUNG EXKLUSIV FÜR UNSERE BESTEN KUNDEN.","Advent 3","Landingpages","40 Reiseknüller","Landingpages","Weltgesundheitstag: Hausapotheke","Landingpages","100 Topseller","Landingpages","Top Kunden Sommer","Landingpages","SHOP APOTHEKE NOW!","Healthy Deals","Healthy Deals Gutes Bauchgefühl","Landingpages","Healthy Deals App-Angebote","Landingpages","Top 100"],"manufacturer":"Johnson & Johnson GmbH (OTC)","pharmaForm":"Schmelztabletten","brand":"Imodium akut","brandIntern":"Imodium®","subBrandIntern":"akut lingual","activeSubstances":["Loperamid hydrochlorid"],"additiveSubstances":["Pfefferminz-Aroma","Aspartam","Gelatine","Mannitol","Natriumhydrogencarbonat"],"additiveSubstancesHtml":"<ul><li>Pfefferminz-Aroma</li><li>Aspartam</li><li>Gelatine</li><li>Mannitol</li><li>Natriumhydrogencarbonat</li></ul>","descriptionShort":"Gegen Durchfall: Durchfall Tabletten mit dem Wirkstoff Loperamid. Einnahme ohne Wasser, ideal für die Reiseapotheke","keywords":["Imodium","durchfall"],"unit":"St","unitQuantityString":"12","masterID":"01689848","indicationRanges":["Magen-Darm-wirksame Pharmaka","Motilitätsbeeinflussende Mittel","Motilitätshemmende"],"ratingCount":155,"averageRating":4.86,"attributes":["apothekenpflichtig","Arzneimittel"],"prescriptionMedicine":false,"price":853,"listPrice":1167,"netRetailPrice":735,"priceFormatted":"€ 8,53","listPriceFormatted":"€ 11,67","potency":"","ifap":"Loperamidhydrochlorid ist ein Mittel gegen Durchfall. Zur symptomatischen Behandlung von akuten Durchfällen für Jugendliche ab 12 Jahren und Erwachsene, sofern keine ursächliche Therapie zur Verfügung steht. Eine über 2 Tage hinausgehende Behandlung mit Loperamid darf nur unter ärztlicher Verordnung und Verlaufsbeobachtung erfolgen.","image":"https://cdn.shop-apotheke.com/images/imodium-akut-lingual-schmelztabletten-schmelztabletten-D01689854-p1.jpg","hasImage":true,"deeplink":"arzneimittel/1689854/imodium-akut-lingual-schmelztabletten.htm","applicablePromotions":"","variantDetails":"01689848|01689854|27|12 St|853|arzneimittel/1689854/imodium-akut-lingual-schmelztabletten.htm|product.stockStatus.available","stockStatus":"","stockStatusReason":"product.stockStatus.available","inStock":true,"pricePerUnit":"","discountInPercent":27,"created":1445164827000,"lastChanged":1598568862000,"ratingsLink":"/produktbewertungen/1689854/imodium-akut-lingual-schmelztabletten.htm","ean":"","RPMultiplier":1,"ribbonText":"","primaryCategory":["Die Online-Apotheke für Deutschland","Die Online-Apotheke für Deutschland/Arzneimittel & weitere Produkte ","Die Online-Apotheke für Deutschland/Arzneimittel & weitere Produkte /Magen & Darm","Die Online-Apotheke für Deutschland/Arzneimittel & weitere Produkte /Magen & Darm/Durchfall & Elektrolytersatz"],"topsellerCountBucket":12,"filterAttributes":[],"filterRating":0.14,"packSize":"12 St","variants":[{"id":"01689848","text":"Gegen Durchfall: Durchfall Tabletten mit dem Wirkstoff Loperamid. Einnahme ohne Wasser, ideal für die Reiseapotheke","webDetailPath":"arzneimittel/1689848/imodium-akut-lingual.htm","stock":"product.stockStatus.available","active":true,"discount":"33","retailPrice":"489","listPrice":"730","packSize":"6 St","nowProductGroup":"sameday_nextday","attributes":["apothekenpflichtig","Arzneimittel"],"productName":"Imodium® akut lingual","pricePerUnit":"","imageUrl":"https://cdn.shop-apotheke.com/images/imodium-akut-lingual-schmelztabletten-D01689848-p1.jpg","pharmaForm":"Schmelztabletten","ribbonText":"","RPMultiplier":"1"},{"id":"01689854","text":"Gegen Durchfall: Durchfall Tabletten mit dem Wirkstoff Loperamid. Einnahme ohne Wasser, ideal für die Reiseapotheke","webDetailPath":"arzneimittel/1689854/imodium-akut-lingual-schmelztabletten.htm","stock":"product.stockStatus.available","active":false,"discount":"27","retailPrice":"853","listPrice":"1167","packSize":"12 St","nowProductGroup":"none","attributes":["apothekenpflichtig","Arzneimittel"],"productName":"Imodium® akut lingual Schmelztabletten","pricePerUnit":"","imageUrl":"https://cdn.shop-apotheke.com/images/imodium-akut-lingual-schmelztabletten-schmelztabletten-D01689854-p1.jpg","pharmaForm":"Schmelztabletten","ribbonText":"","RPMultiplier":"1"}],"master":false,"marketplace":true,"nowProductGroup":"none","notOnStockMessage":"","stockStatusColor":"green","categoryCodes":["csd00001","csd00219","csd00222","csd02764","csd02770","csd01458","csd02768","csd02769","csd01434","csd01454","csd02835","csd02842","csd02271","csd02859","root","catalogs","main","landingpages","csd03040","csd03273","csd03339","csd03344","csd03461","csd03506","csd02968","csd03568","csd03646","csd03644","csd03647","csd03648","csd03668","csd03715","csd03743","csd03939"],"prices":{"listPrice":{"amount":11.67,"net":10.06,"currency":"EUR","info":{"index":1,"text":"AVP / UVP"}},"retailPrice":{"amount":8.53,"net":7.35,"currency":"EUR","info":{"index":1,"text":"AVP / UVP"}}},"calculatedRatingRanking":4.28,"objectID":"01689854","_highlightResult":{"activeSubstances":[{"value":"Loperamid hydrochlorid","matchLevel":"none","matchedWords":[]}]},"_rankingInfo":{"nbTypos":0,"firstMatchedWord":0,"proximityDistance":0,"userScore":135,"geoDistance":0,"geoPrecision":1,"nbExactWords":0,"words":1,"filters":1,"personalization":{"score":0,"rankingScore":0,"filtersScore":0,"textualRelevanceBucket":1,"initialPosition":65,"newPosition":65}}},{"brandCode":"csd03726","pzn":"09703312","productName":"HYDROCORTISON-ratiopharm® 0,5% Creme","secondaryCategories":["Haut","Cortisonsalben","Haut","Wundbehandlung","Landingpages","Reise Top 20","Reiseapotheke","Sonnenbrand, Insektenstichen & Allergien","Black Friday®","40% und mehr","Landingpages","Topseller Allergie","Produkt-Promotions CRM","SHOP APOTHEKE NOW! Allergie","Landingpages","NOW! Reiseapotheke","Landingpages","40 Reiseknüller","Landingpages","Top Kunden Sommer","Landingpages","SHOP APOTHEKE NOW!","Healthy Deals","Healthy Deals Reiseapotheke","Landingpages","Healthy Deals App-Angebote","Healthy Deals","Healthy Deals Aktionsprodukte","Landingpages","Insektenschutz & Sonnenbrand","Landingpages","Sommerliche Erfrischung","Landingpages","Top 100"],"manufacturer":"ratiopharm GmbH","pharmaForm":"Creme","brand":"ratiopharm Hydrocortison","brandIntern":"ratiopharm","subBrandIntern":"Hydrocortison-ratiopharm®","activeSubstances":["Hydrocortison"],"additiveSubstances":["Stearinsäure","Hartfett","Wasser, gereinigtes","Octyldodecanol","Propylenglycol","Polysorbat","Sorbitan stearat"],"additiveSubstancesHtml":"<ul><li>Stearinsäure</li><li>Hartfett</li><li>Wasser, gereinigtes</li><li>Octyldodecanol</li><li>Propylenglycol</li><li>Polysorbat</li><li>Sorbitan stearat</li></ul>","descriptionShort":"Beruhigt rasch die Haut & lindert den Schmerz","keywords":["CortisonSalbe","cortison","kortison","cort","kort"],"unit":"g","unitQuantityString":"30","masterID":"09703298","indicationRanges":["Dermatotherapeutika","Lokale Corticoidtherapie","Monopräparate"],"ratingCount":67,"averageRating":4.85,"attributes":["apothekenpflichtig","Arzneimittel"],"prescriptionMedicine":false,"price":530,"listPrice":929,"netRetailPrice":457,"priceFormatted":"€ 5,30","listPriceFormatted":"€ 9,29","potency":"","ifap":"Das Arzneimittel ist eine Creme zur Anwendung auf der Haut bei entzündlichen und allergischen Hauterkrankungen. Die Creme wird angewendet bei entzündlichen und allergischen Hauterkrankungen mit geringer Symptomausprägung, die auf eine äußerliche Therapie mit schwach wirksamen Kortikosteroiden ansprechen (max. 2 Wochen).","image":"https://cdn.shop-apotheke.com/images/hydrocortison-ratiopharm-0-5-creme-creme-D09703312-p1.jpg","hasImage":true,"deeplink":"arzneimittel/9703312/hydrocortison-ratiopharm-0-5-creme.htm","applicablePromotions":"","variantDetails":"09703298|09703312|43|30 g|530|arzneimittel/9703312/hydrocortison-ratiopharm-0-5-creme.htm|product.stockStatus.available","stockStatus":"","stockStatusReason":"product.stockStatus.available","inStock":true,"pricePerUnit":"17,67 € / 100 g","discountInPercent":43,"created":1445173828000,"lastChanged":1598571517000,"ratingsLink":"/produktbewertungen/9703312/hydrocortison-ratiopharm-0-5-creme.htm","ean":"","RPMultiplier":1,"ribbonText":"","primaryCategory":["Die Online-Apotheke für Deutschland","Die Online-Apotheke für Deutschland/Arzneimittel & weitere Produkte ","Die Online-Apotheke für Deutschland/Arzneimittel & weitere Produkte /Allergie & Asthma","Die Online-Apotheke für Deutschland/Arzneimittel & weitere Produkte /Allergie & Asthma/Allergische Hautreaktion"],"topsellerCountBucket":12,"filterAttributes":[],"filterRating":0.15,"packSize":"30 g","variants":[{"id":"09703298","text":"Zur Behandlung von entzündlichen und allergischen Hauterkrankungen","webDetailPath":"arzneimittel/9703298/hydrocortison-ratiopharm-0-5-creme.htm","stock":"product.stockStatus.available","active":true,"discount":"44","retailPrice":"339","listPrice":"609","packSize":"15 g","nowProductGroup":"sameday_nextday","attributes":["apothekenpflichtig","Arzneimittel"],"productName":"HYDROCORTISON-ratiopharm® 0,5% Creme","pricePerUnit":"22,60 € / 100 g","imageUrl":"https://cdn.shop-apotheke.com/images/hydrocortison-ratiopharm-0-5-creme-creme-D09703298-p1.jpg","pharmaForm":"Creme","ribbonText":"","RPMultiplier":"1"},{"id":"09703312","text":"Beruhigt rasch die Haut & lindert den Schmerz","webDetailPath":"arzneimittel/9703312/hydrocortison-ratiopharm-0-5-creme.htm","stock":"product.stockStatus.available","active":false,"discount":"43","retailPrice":"530","listPrice":"929","packSize":"30 g","nowProductGroup":"nextday","attributes":["apothekenpflichtig","Arzneimittel"],"productName":"HYDROCORTISON-ratiopharm® 0,5% Creme","pricePerUnit":"17,67 € / 100 g","imageUrl":"https://cdn.shop-apotheke.com/images/hydrocortison-ratiopharm-0-5-creme-creme-D09703312-p1.jpg","pharmaForm":"Creme","ribbonText":"","RPMultiplier":"1"}],"master":false,"marketplace":true,"nowProductGroup":"nextday","notOnStockMessage":"","stockStatusColor":"green","categoryCodes":["csd00001","csd00010","csd00014","csd00144","csd00158","csd01045","csd00077","csd00116","csd01569","csd01434","csd02271","csd02272","root","catalogs","main","landingpages","csd03040","csd03057","csd03290","csd03339","csd03987","csd03988","csd03340","csd03461","csd03476","csd02968","csd03569","csd03635","csd03715","csd03743","csd04004","csd04411","brandshop","csd2123","csd2128","csd2132"],"prices":{"listPrice":{"amount":9.29,"net":8.01,"currency":"EUR","info":{"index":1,"text":"AVP / UVP"}},"retailPrice":{"amount":5.3,"net":4.57,"currency":"EUR","info":{"index":1,"text":"AVP / UVP"}}},"calculatedRatingRanking":3.85,"objectID":"09703312","_highlightResult":{"activeSubstances":[{"value":"Hydrocortison","matchLevel":"none","matchedWords":[]}]},"_rankingInfo":{"nbTypos":0,"firstMatchedWord":0,"proximityDistance":0,"userScore":134,"geoDistance":0,"geoPrecision":1,"nbExactWords":0,"words":1,"filters":1,"personalization":{"score":0,"rankingScore":0,"filtersScore":0,"textualRelevanceBucket":1,"initialPosition":66,"newPosition":66}}},{"brandCode":"csd2454","pzn":"09671871","productName":"Grippostad® C Stickpack","secondaryCategories":["Landingpages","NOW! Erkältung","Landingpages","NOW! Reiseapotheke","Black Friday®","Erkältungs-Produkte","Landingpages","SHOP APOTHEKE NOW!","Landingpages","Top 100"],"manufacturer":"STADA Consumer Health Deutschland GmbH","pharmaForm":"Granulat","brand":"Grippostad C","brandIntern":"STADA","subBrandIntern":"Grippostad®","activeSubstances":["Paracetamol","Ascorbinsäure","Chlorphenamin hydrogenmaleat","Coffein"],"additiveSubstances":["Zitronen-Aroma","Saccharin natrium","Povidon K25","Natriumhydrogencarbonat","Riboflavin-5'-phosphat, Mononatriumsalz","Citronensäure","Natrium cyclamat","Talkum"],"additiveSubstancesHtml":"<ul><li>Zitronen-Aroma</li><li>Saccharin natrium</li><li>Povidon K25</li><li>Natriumhydrogencarbonat</li><li>Riboflavin-5'-phosphat, Mononatriumsalz</li><li>Citronensäure</li><li>Natrium cyclamat</li><li>Talkum</li></ul>","descriptionShort":"Anwendung bei grippalen Infekten und Erkältungskrankheiten","keywords":[],"unit":"St","unitQuantityString":"12","masterID":"09671871","indicationRanges":["Atemwegskrankheiten und grippale Infekte","Mittel bei grippalen Infekten","Fieber-/ Schnupfenmittel"],"ratingCount":13,"averageRating":4.85,"attributes":["apothekenpflichtig","Arzneimittel"],"prescriptionMedicine":false,"price":846,"listPrice":1364,"netRetailPrice":729,"priceFormatted":"€ 8,46","listPriceFormatted":"€ 13,64","potency":"","ifap":"Das Präparat ist ein Arzneimittel gegen grippale Infekte und Erkältungskrankheiten. Das Arzneimittel wird angewendetbei Erwachsenen zur Behandlung von gemeinsam auftretenden Beschwerden wie Kopf- und Gliederschmerzen, Schnupfen und Reizhusten im Rahmen einer einfachen Erkältungskrankheit. Bei gleichzeitigem Fieber oder erhöhter Körpertemperatur wirkt das Präparat fiebersenkend. Das Arzneimittel enthält mehrere Wirkstoffe, die jeweils in einer festgelegten Menge dosiert sind. Daher kann die Dosis nicht individuell angepasst werden, wenn Sie überwiegend unter einem der oben genannten Symptome leiden. Sprechen Sie in solchen Fällen bitte mit Ihrem Arzt oder Apotheker, dieser wird Ihnen ein Arzneimittel anderer Zusammensetzung empfehlen.","image":"https://cdn.shop-apotheke.com/images/grippostad-c-stickpack-granulat-D09671871-p1.jpg","hasImage":true,"deeplink":"arzneimittel/9671871/grippostad-c-stickpack.htm","applicablePromotions":"","variantDetails":"09671871|09671871|38|12 St|846|arzneimittel/9671871/grippostad-c-stickpack.htm|product.stockStatus.available","stockStatus":"","stockStatusReason":"product.stockStatus.available","inStock":true,"pricePerUnit":"","discountInPercent":38,"created":1445167808000,"lastChanged":1598591226000,"ratingsLink":"/produktbewertungen/9671871/grippostad-c-stickpack.htm","ean":"","RPMultiplier":1,"ribbonText":"","primaryCategory":["Die Online-Apotheke für Deutschland","Die Online-Apotheke für Deutschland/Arzneimittel & weitere Produkte ","Die Online-Apotheke für Deutschland/Arzneimittel & weitere Produkte /Erkältung & Grippe","Die Online-Apotheke für Deutschland/Arzneimittel & weitere Produkte /Erkältung & Grippe/Grippale Infekte"],"topsellerCountBucket":12,"filterAttributes":[],"filterRating":0.15,"packSize":"12 St","variants":[{"id":"09671871","text":"Anwendung bei grippalen Infekten und Erkältungskrankheiten","webDetailPath":"arzneimittel/9671871/grippostad-c-stickpack.htm","stock":"product.stockStatus.available","active":true,"discount":"38","retailPrice":"846","listPrice":"1364","packSize":"12 St","nowProductGroup":"sameday_nextday","attributes":["apothekenpflichtig","Arzneimittel"],"productName":"Grippostad® C Stickpack","pricePerUnit":"","imageUrl":"https://cdn.shop-apotheke.com/images/grippostad-c-stickpack-granulat-D09671871-p1.jpg","pharmaForm":"Granulat","ribbonText":"","RPMultiplier":"1"}],"master":true,"marketplace":false,"nowProductGroup":"sameday_nextday","notOnStockMessage":"","stockStatusColor":"green","categoryCodes":["csd00001","csd00061","csd00065","csd01434","csd02271","csd02862","root","catalogs","main","landingpages","csd03040","csd03339","csd03341","csd03476"],"prices":{"listPrice":{"amount":13.64,"net":11.76,"currency":"EUR","info":{"index":1,"text":"AVP / UVP"}},"retailPrice":{"amount":8.46,"net":7.29,"currency":"EUR","info":{"index":1,"text":"AVP / UVP"}}},"calculatedRatingRanking":2.98,"objectID":"09671871","_highlightResult":{"activeSubstances":[{"value":"Paracetamol","matchLevel":"none","matchedWords":[]},{"value":"<ais-highlight-0000000000>A</ais-highlight-0000000000>scorbinsäure","matchLevel":"full","fullyHighlighted":false,"matchedWords":["a"]},{"value":"Chlorphenamin hydrogenmaleat","matchLevel":"none","matchedWords":[]},{"value":"Coffein","matchLevel":"none","matchedWords":[]}]},"_rankingInfo":{"nbTypos":0,"firstMatchedWord":0,"proximityDistance":0,"userScore":133,"geoDistance":0,"geoPrecision":1,"nbExactWords":0,"words":1,"filters":1,"personalization":{"score":0,"rankingScore":0,"filtersScore":0,"textualRelevanceBucket":1,"initialPosition":67,"newPosition":67}}},{"brandCode":"csd01969","pzn":"10796974","productName":"FeniHydrocort® 0,5 % Creme","secondaryCategories":["Haut","Cortisonsalben","Ratgeber","Hautentzündungen","Ratgeber","Insektenstiche - Fenistil","Reiseapotheke","Sonnenbrand, Insektenstichen & Allergien","Landingpages","Topseller Allergie","Produkt-Promotions CRM","SHOP APOTHEKE NOW! Allergie","Landingpages","Unsere Top-Produkte","Landingpages","NOW! Reiseapotheke","Landingpages","Weltgesundheitstag: Hausapotheke","Landingpages","SHOP APOTHEKE NOW!","Healthy Deals","Healthy Deals Aktionsprodukte","Landingpages","Insektenschutz & Sonnenbrand","Landingpages","RedPoints Sommeraktion","Landingpages","Sommerliche Erfrischung","Healthy Deals","Healthy Deals Reiseapotheke","Landingpages","Healthy Deals App-Angebote","Healthy Deals","RedPoints-Aktion"],"manufacturer":"GlaxoSmithKline Consumer Healthcare","pharmaForm":"Creme","brand":"Fenihydrocort","brandIntern":"FeniHydrocort®","subBrandIntern":"","activeSubstances":["Hydrocortison"],"additiveSubstances":["Dinatrium edetat-2-Wasser","Dexpanthenol","Cetylstearylalkohol, emulgierender (Typ A)","Glycerolmonostearat","Carbomer 980","Triglyceride, mittelkettige","Wasser, gereinigtes","Octyldodecanol","Dimeticon 350","Kalium sorbat","Trometamol","Glycerol 85%","Oleyloleat"],"additiveSubstancesHtml":"<ul><li>Dinatrium edetat-2-Wasser</li><li>Dexpanthenol</li><li>Cetylstearylalkohol, emulgierender (Typ A)</li><li>Glycerolmonostearat</li><li>Carbomer 980</li><li>Triglyceride, mittelkettige</li><li>Wasser, gereinigtes</li><li>Octyldodecanol</li><li>Dimeticon 350</li><li>Kalium sorbat</li><li>Trometamol</li><li>Glycerol 85%</li><li>Oleyloleat</li></ul>","descriptionShort":"Zur Linderung von mäßig ausgeprägten entzündlichen Hauterkrankungen","keywords":["fenistilhydrocorthydrocortisonhydrocortisoncremeekzemhautausschlaggerötetehautjuckendehautirritiertehautsonnenbrandreiseapothekeallergieallergischehauthautschwellungenhautreaktionneurodermitisrotehauthautjuckenhautbrennenjuckreiznesselsuchtpustelnhautallergiekontaktallergiesonnenallergieverbrennungenverbrühungenwinterhauthautentzündung"],"unit":"g","unitQuantityString":"30","masterID":"10796968","indicationRanges":["Dermatotherapeutika","Lokale Corticoidtherapie","Monopräparate"],"ratingCount":68,"averageRating":4.84,"attributes":["apothekenpflichtig","Arzneimittel"],"prescriptionMedicine":false,"price":960,"listPrice":1324,"netRetailPrice":828,"priceFormatted":"€ 9,60","listPriceFormatted":"€ 13,24","potency":"","ifap":"Der Wirkstoff Hydrocortison ist ein synthetisch hergestelltes Glucocorticoid (Nebennierenrindenhormon) für die Anwendung auf der Haut. Die Creme wird angewendet zur Linderung von mäßig ausgeprägten entzündlichen Hauterkrankungen.","image":"https://cdn.shop-apotheke.com/images/fenihydrocort-0-5-creme-creme-D10796974-p1.jpg","hasImage":true,"deeplink":"arzneimittel/10796974/fenihydrocort-0-5-creme.htm","applicablePromotions":"","variantDetails":"10796968|10796974|27|30 g|960|arzneimittel/10796974/fenihydrocort-0-5-creme.htm|product.stockStatus.available","stockStatus":"","stockStatusReason":"product.stockStatus.available","inStock":true,"pricePerUnit":"32,00 € / 100 g","discountInPercent":27,"created":1445170518000,"lastChanged":1598571838000,"ratingsLink":"/produktbewertungen/10796974/fenihydrocort-0-5-creme.htm","ean":"","RPMultiplier":1,"ribbonText":"","primaryCategory":["Die Online-Apotheke für Deutschland","Die Online-Apotheke für Deutschland/Arzneimittel & weitere Produkte ","Die Online-Apotheke für Deutschland/Arzneimittel & weitere Produkte /Allergie & Asthma","Die Online-Apotheke für Deutschland/Arzneimittel & weitere Produkte /Allergie & Asthma/Allergische Hautreaktion"],"topsellerCountBucket":12,"filterAttributes":[],"filterRating":0.16,"packSize":"30 g","variants":[{"id":"10796968","text":"Zur Linderung von mäßig ausgeprägten entzündlichen Hauterkrankungen","webDetailPath":"arzneimittel/10796968/fenihydrocort-0-5-creme.htm","stock":"product.stockStatus.available","active":true,"discount":"32","retailPrice":"584","listPrice":"863","packSize":"15 g","nowProductGroup":"sameday_nextday","attributes":["apothekenpflichtig","Arzneimittel"],"productName":"FeniHydrocort® 0,5 % Creme","pricePerUnit":"38,93 € / 100 g","imageUrl":"https://cdn.shop-apotheke.com/images/fenihydrocort-0-5-creme-creme-D10796968-p1.jpg","pharmaForm":"Creme","ribbonText":"","RPMultiplier":"1"},{"id":"10796974","text":"Zur Linderung von mäßig ausgeprägten entzündlichen Hauterkrankungen","webDetailPath":"arzneimittel/10796974/fenihydrocort-0-5-creme.htm","stock":"product.stockStatus.available","active":false,"discount":"27","retailPrice":"960","listPrice":"1324","packSize":"30 g","nowProductGroup":"sameday_nextday","attributes":["apothekenpflichtig","Arzneimittel"],"productName":"FeniHydrocort® 0,5 % Creme","pricePerUnit":"32,00 € / 100 g","imageUrl":"https://cdn.shop-apotheke.com/images/fenihydrocort-0-5-creme-creme-D10796974-p1.jpg","pharmaForm":"Creme","ribbonText":"","RPMultiplier":"1"}],"master":false,"marketplace":true,"nowProductGroup":"sameday_nextday","notOnStockMessage":"","stockStatusColor":"green","categoryCodes":["csd00001","csd00010","csd00014","csd00144","csd00158","csd01045","csd00077","csd00116","csd01569","csd01434","csd02968","csd03288","root","catalogs","main","landingpages","csd03290","csd03339","csd03987","csd03988","csd03340","csd03461","csd03476","csd03506","csd03569","csd03635","csd03939","csd04004","csd04394","csd04411","themeshop","csd1534","csd1535"],"prices":{"listPrice":{"amount":13.24,"net":11.41,"currency":"EUR","info":{"index":1,"text":"AVP / UVP"}},"retailPrice":{"amount":9.6,"net":8.28,"currency":"EUR","info":{"index":1,"text":"AVP / UVP"}}},"calculatedRatingRanking":3.85,"objectID":"10796974","_highlightResult":{"activeSubstances":[{"value":"Hydrocortison","matchLevel":"none","matchedWords":[]}]},"_rankingInfo":{"nbTypos":0,"firstMatchedWord":0,"proximityDistance":0,"userScore":132,"geoDistance":0,"geoPrecision":1,"nbExactWords":0,"words":1,"filters":1,"personalization":{"score":0,"rankingScore":0,"filtersScore":0,"textualRelevanceBucket":1,"initialPosition":68,"newPosition":68}}},{"brandCode":"csd2468","pzn":"04047553","productName":"HYLO-COMOD®","secondaryCategories":["HYLO<sup>®</sup> EYE CARE","trockene Augen","Auge","Augenreizungen","Landingpages","Trockenes Auge","Black Friday®","30% und mehr","Landingpages","Topseller","Landingpages","Abo Produkte","Landingpages","SHOP APOTHEKE NOW!"],"manufacturer":"URSAPHARM Arzneimittel GmbH","pharmaForm":"Augentropfen","brand":"Hylo Comod","brandIntern":"HYLO®","subBrandIntern":"COMOD®","activeSubstances":["Hyaluronsäure, Natriumsalz"],"additiveSubstances":["Wasser für Injektionszwecke","Natrium citrat","Citronensäure","Sorbitol"],"additiveSubstancesHtml":"<ul><li>Wasser für Injektionszwecke</li><li>Natrium citrat</li><li>Citronensäure</li><li>Sorbitol</li></ul>","descriptionShort":"Der Klassiker in der Therapie trockener Augen","keywords":["augentropfen"],"unit":"ml","unitQuantityString":"2X10","masterID":"00495970","indicationRanges":["Ophthalmika","Verschiedene Ophthalmika","Künstliche Tränen"],"ratingCount":348,"averageRating":4.84,"attributes":["ABO"],"prescriptionMedicine":false,"price":2149,"listPrice":2627,"netRetailPrice":1853,"priceFormatted":"€ 21,49","listPriceFormatted":"€ 26,27","potency":"","ifap":"Zur verbesserten Befeuchtung der Augenoberfläche infolge umgebungsbedingter Befindlichkeitsstörung wie trockene Augen, Fremdkörpergefühl oder Brennen der Augen, sowie nach operativen Eingriffen am Auge.","image":"https://cdn.shop-apotheke.com/images/hylo-comod-augentropfen-D04047553-p1.jpg","hasImage":true,"deeplink":"arzneimittel/4047553/hylo-comod.htm","applicablePromotions":"","variantDetails":"00495970|04047553|18|2X10 ml|2149|arzneimittel/4047553/hylo-comod.htm|product.stockStatus.available","stockStatus":"","stockStatusReason":"product.stockStatus.available","inStock":true,"pricePerUnit":"107,45 € / 100 ml","discountInPercent":18,"created":1445168708000,"lastChanged":1598569696000,"ratingsLink":"/produktbewertungen/4047553/hylo-comod.htm","ean":"","RPMultiplier":1,"ribbonText":"","primaryCategory":["Die Online-Apotheke für Deutschland","Die Online-Apotheke für Deutschland/Arzneimittel & weitere Produkte ","Die Online-Apotheke für Deutschland/Arzneimittel & weitere Produkte /Auge, Nase & Ohr","Die Online-Apotheke für Deutschland/Arzneimittel & weitere Produkte /Auge, Nase & Ohr/Auge","Die Online-Apotheke für Deutschland/Arzneimittel & weitere Produkte /Auge, Nase & Ohr/Auge/Trockene Augen"],"topsellerCountBucket":12,"filterAttributes":["ABO"],"filterRating":0.16,"packSize":"2X10 ml","variants":[{"id":"00495970","text":"Der Klassiker in der Therapie trockener Augen","webDetailPath":"arzneimittel/495970/hylo-comod.htm","stock":"product.stockStatus.available","active":true,"discount":"19","retailPrice":"1178","listPrice":"1457","packSize":"10 ml","nowProductGroup":"sameday_nextday","attributes":[],"productName":"HYLO-COMOD®","pricePerUnit":"117,80 € / 100 ml","imageUrl":"https://cdn.shop-apotheke.com/images/hylo-comod-augentropfen-D00495970-p1.jpg","pharmaForm":"Augentropfen","ribbonText":"","RPMultiplier":"1"},{"id":"04047553","text":"Der Klassiker in der Therapie trockener Augen","webDetailPath":"arzneimittel/4047553/hylo-comod.htm","stock":"product.stockStatus.available","active":false,"discount":"18","retailPrice":"2149","listPrice":"2627","packSize":"2X10 ml","nowProductGroup":"none","attributes":["ABO"],"productName":"HYLO-COMOD®","pricePerUnit":"107,45 € / 100 ml","imageUrl":"https://cdn.shop-apotheke.com/images/hylo-comod-augentropfen-D04047553-p1.jpg","pharmaForm":"Augentropfen","ribbonText":"","RPMultiplier":"1"}],"master":false,"marketplace":true,"nowProductGroup":"none","notOnStockMessage":"","stockStatusColor":"green","categoryCodes":["csd00001","csd00020","csd00021","csd00025","csd00023","root","catalogs","main","landingpages","csd02477","csd01434","csd02271","csd02859","csd03339","csd03648","csd03692","brandshop","csd1742","csd1743"],"prices":{"listPrice":{"amount":26.27,"net":22.65,"currency":"EUR","info":{"index":1,"text":"AVP / UVP"}},"retailPrice":{"amount":21.49,"net":18.53,"currency":"EUR","info":{"index":1,"text":"AVP / UVP"}}},"calculatedRatingRanking":4.55,"objectID":"04047553","_highlightResult":{"activeSubstances":[{"value":"Hyaluronsäure, Natriumsalz","matchLevel":"none","matchedWords":[]}]},"_rankingInfo":{"nbTypos":0,"firstMatchedWord":0,"proximityDistance":0,"userScore":131,"geoDistance":0,"geoPrecision":1,"nbExactWords":0,"words":1,"filters":1,"personalization":{"score":0,"rankingScore":0,"filtersScore":0,"textualRelevanceBucket":1,"initialPosition":69,"newPosition":69}}},{"brandCode":"csd2403","pzn":"03120822","productName":"elmex® gelée","secondaryCategories":["Zahnpasten","Kariesschutz","Ratgeber","Kariesschutz","Geschenke Themenwelt","Gesundheit schenken","Landingpages","Ihre Adventsknüller am Samstag","Landingpages","SHOP APOTHEKE NOW!"],"manufacturer":"CP GABA GmbH","pharmaForm":"Gel","brand":"elmex gelee","brandIntern":"elmex®","subBrandIntern":"gelée","activeSubstances":["Natriumfluorid","Olaflur","Dectaflur"],"additiveSubstances":["Apfel-Aroma","Bananen-Aroma","Pfefferminz-Aroma","Saccharin","Menthon-Aroma","Wasser, gereinigtes","Krauseminzöl","Hyetellose","Propylenglycol"],"additiveSubstancesHtml":"<ul><li>Apfel-Aroma</li><li>Bananen-Aroma</li><li>Pfefferminz-Aroma</li><li>Saccharin</li><li>Menthon-Aroma</li><li>Wasser, gereinigtes</li><li>Krauseminzöl</li><li>Hyetellose</li><li>Propylenglycol</li></ul>","descriptionShort":"Zur Kariesprophylaxe","keywords":["SchmerzempfindlicheZähne"],"unit":"g","unitQuantityString":"25","masterID":"03120822","indicationRanges":["Mund-/ Rachentherapeutika und Zahnpflege","Karies-Prophylaxe und Therapie"],"ratingCount":161,"averageRating":4.84,"attributes":["apothekenpflichtig","Arzneimittel"],"prescriptionMedicine":false,"price":683,"listPrice":1038,"netRetailPrice":589,"priceFormatted":"€ 6,83","listPriceFormatted":"€ 10,38","potency":"","ifap":"Mittel zur Vorbeugung gegen Karies, zur Unterstützung der Behandlung der Initialkaries und zur Behandlung überempfindlicher Zahnhälse.  Prophylaxe:Das Mittel wird angewendet zur Vorbeugung gegen Karies (Kariesprophylaxe), insbesondere bei Kindern, Jugendlichen sowie Patienten mit Zahnspangen, anderen kieferorthopädischen (orthodontischen) Apparaten und Teilprothesen. Therapie:Das Mittel wird angewendet zur Unterstützung der Behandlung der beginnenden Karies (Initialkaries) und zur Behandlung überempfindlicher Zahnhälse.","image":"https://cdn.shop-apotheke.com/images/elmex-gelee-gel-D03120822-p1.jpg","hasImage":true,"deeplink":"arzneimittel/3120822/elmex-gelee.htm","applicablePromotions":"","variantDetails":"03120822|03120822|34|25 g|683|arzneimittel/3120822/elmex-gelee.htm|product.stockStatus.available","stockStatus":"","stockStatusReason":"product.stockStatus.available","inStock":true,"pricePerUnit":"27,32 € / 100 g","discountInPercent":34,"created":1445167534000,"lastChanged":1598578233000,"ratingsLink":"/produktbewertungen/3120822/elmex-gelee.htm","ean":"4007965015717","RPMultiplier":1,"ribbonText":"","primaryCategory":["Die Online-Apotheke für Deutschland","Die Online-Apotheke für Deutschland/Arzneimittel & weitere Produkte ","Die Online-Apotheke für Deutschland/Arzneimittel & weitere Produkte /Mund- & Zahnpflege","Die Online-Apotheke für Deutschland/Arzneimittel & weitere Produkte /Mund- & Zahnpflege/Zahnpasta"],"topsellerCountBucket":12,"filterAttributes":[],"filterRating":0.16,"packSize":"25 g","variants":[{"id":"03120822","text":"Zur Kariesprophylaxe","webDetailPath":"arzneimittel/3120822/elmex-gelee.htm","stock":"product.stockStatus.available","active":true,"discount":"34","retailPrice":"683","listPrice":"1038","packSize":"25 g","nowProductGroup":"none","attributes":["apothekenpflichtig","Arzneimittel"],"productName":"elmex® gelée","pricePerUnit":"27,32 € / 100 g","imageUrl":"https://cdn.shop-apotheke.com/images/elmex-gelee-gel-D03120822-p1.jpg","pharmaForm":"Gel","ribbonText":"","RPMultiplier":"1"}],"master":true,"marketplace":true,"nowProductGroup":"none","notOnStockMessage":"","stockStatusColor":"green","categoryCodes":["csd00001","csd00244","csd00260","root","catalogs","main","brandshop","csd01178","csd01197","csd01207","csd02764","csd02770","csd01458","themeshop","csd03104","landingpages","csd03339","csd03574"],"prices":{"listPrice":{"amount":10.38,"net":8.95,"currency":"EUR","info":{"index":1,"text":"AVP / UVP"}},"retailPrice":{"amount":6.83,"net":5.89,"currency":"EUR","info":{"index":1,"text":"AVP / UVP"}}},"calculatedRatingRanking":4.29,"objectID":"03120822","_highlightResult":{"activeSubstances":[{"value":"Natriumfluorid","matchLevel":"none","matchedWords":[]},{"value":"Olaflur","matchLevel":"none","matchedWords":[]},{"value":"Dectaflur","matchLevel":"none","matchedWords":[]}]},"_rankingInfo":{"nbTypos":0,"firstMatchedWord":0,"proximityDistance":0,"userScore":130,"geoDistance":0,"geoPrecision":1,"nbExactWords":0,"words":1,"filters":1,"personalization":{"score":0,"rankingScore":0,"filtersScore":0,"textualRelevanceBucket":1,"initialPosition":70,"newPosition":70}}},{"brandCode":"","pzn":"08105295","productName":"Mund- & Nasenschutz Einweg 3-lagig 50 Stück","secondaryCategories":["Landingpages","Healthy Deals App-Angebote","Healthy Deals","Healthy Deals RedPoints","Healthy Deals","RedPoints-Aktion","Landingpages","Newsletter Aktionen"],"manufacturer":"Diverse","pharmaForm":"Mundschutz","brand":"","brandIntern":"","subBrandIntern":"","activeSubstances":[],"additiveSubstances":[],"additiveSubstancesHtml":"","descriptionShort":"Zur Reduzierung einer Verbreitung von Bakterien und Viren","keywords":["mundschutz","schutzmaske","schutzmasken","masken","mundschutzmaske","maske","mundschutzmasken","atemschutzmasken","gesichtsmaske","atemschutz","Einmalmaske","atemschutzmaske","gesichtsmasken","coronamaske","coronamasken","behelfsmaske","behelfsmasken"],"unit":"St","unitQuantityString":"50","masterID":"08105295","indicationRanges":[],"ratingCount":5,"averageRating":4.83,"attributes":[],"prescriptionMedicine":false,"price":3499,"listPrice":0,"netRetailPrice":3016,"priceFormatted":"€ 34,99","listPriceFormatted":"","potency":"","ifap":"","image":"https://cdn.shop-apotheke.com/images/mund-nasenschutz-einweg-3-lagig-50-stueck-mundschutz-D08105295-p1.jpg","hasImage":true,"deeplink":"arzneimittel/8105295/mund-nasenschutz-einweg-3-lagig-50-stueck.htm","applicablePromotions":"","variantDetails":"08105295|08105295|0|50 St|3499|arzneimittel/8105295/mund-nasenschutz-einweg-3-lagig-50-stueck.htm|product.stockStatus.available","stockStatus":"","stockStatusReason":"product.stockStatus.available","inStock":true,"pricePerUnit":"","discountInPercent":0,"created":1589270531000,"lastChanged":1598601015000,"ratingsLink":"/produktbewertungen/8105295/mund-nasenschutz-einweg-3-lagig-50-stueck.htm","ean":"","RPMultiplier":1,"ribbonText":"","primaryCategory":["Die Online-Apotheke für Deutschland","Die Online-Apotheke für Deutschland/Arzneimittel & weitere Produkte ","Die Online-Apotheke für Deutschland/Arzneimittel & weitere Produkte /Krankenpflege","Die Online-Apotheke für Deutschland/Arzneimittel & weitere Produkte /Krankenpflege/Schutzkleidung"],"topsellerCountBucket":12,"filterAttributes":[],"filterRating":0.17,"packSize":"50 St","variants":[{"id":"08105295","text":"Zur Reduzierung einer Verbreitung von Bakterien und Viren","webDetailPath":"arzneimittel/8105295/mund-nasenschutz-einweg-3-lagig-50-stueck.htm","stock":"product.stockStatus.available","active":true,"discount":"0","retailPrice":"3499","listPrice":"0","packSize":"50 St","nowProductGroup":"none","attributes":[],"productName":"Mund- & Nasenschutz Einweg 3-lagig 50 Stück","pricePerUnit":"","imageUrl":"https://cdn.shop-apotheke.com/images/mund-nasenschutz-einweg-3-lagig-50-stueck-mundschutz-D08105295-p1.jpg","pharmaForm":"Mundschutz","ribbonText":"","RPMultiplier":"1"}],"master":true,"marketplace":false,"nowProductGroup":"none","notOnStockMessage":"","stockStatusColor":"green","categoryCodes":["csd00001","csd00195","csd03992","root","catalogs","main","landingpages","csd02984","csd01434","csd02968","csd03288","csd03461","csd03572"],"prices":{"listPrice":null,"retailPrice":{"amount":34.99,"net":30.16,"currency":"EUR","info":{"index":1,"text":"AVP / UVP"}}},"calculatedRatingRanking":2.71,"objectID":"08105295","_rankingInfo":{"nbTypos":0,"firstMatchedWord":0,"proximityDistance":0,"userScore":129,"geoDistance":0,"geoPrecision":1,"nbExactWords":0,"words":1,"filters":1,"personalization":{"score":0,"rankingScore":0,"filtersScore":0,"textualRelevanceBucket":1,"initialPosition":71,"newPosition":71}}},{"brandCode":"csd01628","pzn":"06312077","productName":"ASS 100 - 1 A Pharma® TAH","secondaryCategories":["1A Pharma","Blutverdünnung","Black Friday®","40% und mehr"],"manufacturer":"1 A Pharma GmbH","pharmaForm":"Tabletten","brand":"ASS 100","brandIntern":"1 A Pharma","subBrandIntern":"ASS - 1 A Pharma®","activeSubstances":["Acetylsalicylsäure"],"additiveSubstances":["Stearinsäure","Siliciumdioxid, hochdisperses","Maisstärke, vorverkleistert","Cellulose, mikrokristalline"],"additiveSubstancesHtml":"<ul><li>Stearinsäure</li><li>Siliciumdioxid, hochdisperses</li><li>Maisstärke, vorverkleistert</li><li>Cellulose, mikrokristalline</li></ul>","descriptionShort":"Zur Hemmung vom Zusammenhaften der Blutplättchen","keywords":[],"unit":"St","unitQuantityString":"100","masterID":"06312060","indicationRanges":["Blut und Blutbildung beeinflussende Pharmaka","Thrombozytenfunktionshemmer","Salicylate"],"ratingCount":78,"averageRating":4.83,"attributes":["apothekenpflichtig","Arzneimittel"],"prescriptionMedicine":false,"price":162,"listPrice":280,"netRetailPrice":140,"priceFormatted":"€ 1,62","listPriceFormatted":"€ 2,80","potency":"","ifap":"Das Präparat hemmt u.a. das Zusammenhaften und Verklumpen von Blutplättchen (Thrombozyten) und beugt dadurch der Entstehung von Blutgerinnseln (Thromben) vor (Thrombozytenaggregationshemmung). Es wird angewendetbei instabiler Angina pectoris (Herzschmerzen aufgrund von Durchblutungsstörungen in den Herzkranzgefäßen) - als Teil der Standardtherapie. bei akutem Herzinfarkt - als Teil der Standardtherapie. zur Vorbeugung eines weiteren Herzinfarktes nach erstem Herzinfarkt (zur Reinfarktprophylaxe). nach Operationen oder anderen Eingriffen an arteriellen Blutgefäßen (nach arteriellen gefäßchirurgischen oder interventionellen Eingriffen, z.B. nach aortokoronarem Venen-Bypass [ACVB], bei perkutaner transluminaler koronarer Angioplastie [PTCA]). zur Vorbeugung von vorübergehender Mangeldurchblutung im Gehirn (TIA: transitorische ischämische Attacken) und Hirninfarkten, nachdem Vorläuferstadien (z.B. vorübergehende Lähmungserscheinungen im Gesicht oder der Armmuskulatur oder vorübergehender Sehverlust) aufgetreten sind. Hinweis:Das Präparat eignet sich nicht zur Behandlung von Schmerzzuständen.","image":"https://cdn.shop-apotheke.com/images/ass-100-1-a-pharma-tah-tabletten-D06312077-p1.jpg","hasImage":true,"deeplink":"arzneimittel/6312077/ass-100-1-a-pharma-tah.htm","applicablePromotions":"","variantDetails":"06312060|06312077|42|100 St|162|arzneimittel/6312077/ass-100-1-a-pharma-tah.htm|product.stockStatus.available","stockStatus":"","stockStatusReason":"product.stockStatus.available","inStock":true,"pricePerUnit":"","discountInPercent":42,"created":1445172320000,"lastChanged":1598570205000,"ratingsLink":"/produktbewertungen/6312077/ass-100-1-a-pharma-tah.htm","ean":"","RPMultiplier":1,"ribbonText":"","primaryCategory":["Die Online-Apotheke für Deutschland","Die Online-Apotheke für Deutschland/Arzneimittel & weitere Produkte ","Die Online-Apotheke für Deutschland/Arzneimittel & weitere Produkte /Herz, Kreislauf & Gefäße","Die Online-Apotheke für Deutschland/Arzneimittel & weitere Produkte /Herz, Kreislauf & Gefäße/Blutverdünnung"],"topsellerCountBucket":12,"filterAttributes":[],"filterRating":0.17,"packSize":"100 St","variants":[{"id":"06312060","text":"Zur Hemmung vom Zusammenhaften der Blutplättchen","webDetailPath":"arzneimittel/6312060/ass-100-1-a-pharma-tah.htm","stock":"product.stockStatus.available","active":true,"discount":"33","retailPrice":"144","listPrice":"215","packSize":"50 St","nowProductGroup":"sameday_nextday","attributes":["apothekenpflichtig","Arzneimittel"],"productName":"ASS 100 - 1 A Pharma® TAH","pricePerUnit":"","imageUrl":"https://cdn.shop-apotheke.com/images/ass-100-1-a-pharma-tah-tabletten-D06312060-p1.jpg","pharmaForm":"Tabletten","ribbonText":"","RPMultiplier":"1"},{"id":"06312077","text":"Zur Hemmung vom Zusammenhaften der Blutplättchen","webDetailPath":"arzneimittel/6312077/ass-100-1-a-pharma-tah.htm","stock":"product.stockStatus.available","active":false,"discount":"42","retailPrice":"162","listPrice":"280","packSize":"100 St","nowProductGroup":"sameday_nextday","attributes":["apothekenpflichtig","Arzneimittel"],"productName":"ASS 100 - 1 A Pharma® TAH","pricePerUnit":"","imageUrl":"https://cdn.shop-apotheke.com/images/ass-100-1-a-pharma-tah-tabletten-D06312077-p1.jpg","pharmaForm":"Tabletten","ribbonText":"","RPMultiplier":"1"}],"master":false,"marketplace":false,"nowProductGroup":"sameday_nextday","notOnStockMessage":"","stockStatusColor":"green","categoryCodes":["csd00001","csd00175","csd00179","csd01434","csd02271","csd02272","root","catalogs","main","brandshop","csd1720","csd1722"],"prices":{"listPrice":{"amount":2.8,"net":2.41,"currency":"EUR","info":{"index":1,"text":"AVP / UVP"}},"retailPrice":{"amount":1.62,"net":1.4,"currency":"EUR","info":{"index":1,"text":"AVP / UVP"}}},"calculatedRatingRanking":3.92,"objectID":"06312077","_highlightResult":{"activeSubstances":[{"value":"<ais-highlight-0000000000>A</ais-highlight-0000000000>cetylsalicylsäure","matchLevel":"full","fullyHighlighted":false,"matchedWords":["a"]}]},"_rankingInfo":{"nbTypos":0,"firstMatchedWord":0,"proximityDistance":0,"userScore":128,"geoDistance":0,"geoPrecision":1,"nbExactWords":0,"words":1,"filters":1,"personalization":{"score":0,"rankingScore":0,"filtersScore":0,"textualRelevanceBucket":1,"initialPosition":72,"newPosition":72}}},{"brandCode":"csd2502","pzn":"03766139","productName":"KadeFungin®3 Kombipackung","secondaryCategories":["Scheidenpilz","KadeFungin®3","Landingpages","KadeFungin®","Frauengesundheit","Vaginalpilz","Black Friday®","40% und mehr","Landingpages","Topseller","Landingpages","SHOP APOTHEKE NOW!"],"manufacturer":"DR. KADE Pharmazeutische Fabrik GmbH","pharmaForm":"Kombipackung","brand":"KadeFungin","brandIntern":"KadeFungin®","subBrandIntern":"","activeSubstances":["Clotrimazol","Clotrimazol"],"additiveSubstances":["Stearinsäure","Magnesium stearat","Benzylalkohol","Cetylpalmitat","Siliciumdioxid, hochdisperses","Maisstärke, vorverkleistert","Cetylstearylalkohol","Wasser, gereinigtes","Natriumhydrogencarbonat","Octyldodecanol","Lactose-1-Wasser","Adipinsäure","Polysorbat 60","Polysorbat 80","Sorbitan stearat"],"additiveSubstancesHtml":"<ul><li>Stearinsäure</li><li>Magnesium stearat</li><li>Benzylalkohol</li><li>Cetylpalmitat</li><li>Siliciumdioxid, hochdisperses</li><li>Maisstärke, vorverkleistert</li><li>Cetylstearylalkohol</li><li>Wasser, gereinigtes</li><li>Natriumhydrogencarbonat</li><li>Octyldodecanol</li><li>Lactose-1-Wasser</li><li>Adipinsäure</li><li>Polysorbat 60</li><li>Polysorbat 80</li><li>Sorbitan stearat</li></ul>","descriptionShort":"Zur Anwendung bei Infektionen der Scheide und des äußeren Genitalbereiches durch Hefepilze","keywords":["Scheidenpilz","Vaginalpilz"],"unit":"St","unitQuantityString":"1","masterID":"03766139","indicationRanges":["Gynäkologika/ Vaginaltherapeutika","Vaginaltherapeutika","Antimykotika"],"ratingCount":75,"averageRating":4.83,"attributes":["apothekenpflichtig","Arzneimittel"],"prescriptionMedicine":false,"price":783,"listPrice":1167,"netRetailPrice":675,"priceFormatted":"€ 7,83","listPriceFormatted":"€ 11,67","potency":"","ifap":"Das Arzneimittel enthält Vaginaltabletten und Creme. Dieses Arzneimittel ist ein so genanntes Antimykotikum, ein Mittel gegen Pilzinfektionen (Mykosen). Das Arzneimittel wird angewendet bei Infektionen der Scheide und des äußeren Genitalbereiches durch Hefepilze (meist Candida albicans). Erläuterung:Candida albicans ist ein Pilz, der auf der Haut und bei sehr vielen Frauen auch in der Scheide nachweisbar ist. Erst bei übermäßiger Vermehrung entsteht eine Pilzerkrankung (Mykose), die sich meist durch Rötungen, Brennen, Juckreiz, Ausfluss und schmerzhafte Entzündungen bemerkbar macht. Eine sichere Diagnostik ist nur durch den Frauenarzt möglich.","image":"https://cdn.shop-apotheke.com/images/kadefungin-3-kombipackung-kombipackung-D03766139-p1.jpg","hasImage":true,"deeplink":"arzneimittel/3766139/kadefungin-3-kombipackung.htm","applicablePromotions":"","variantDetails":"03766139|03766139|33|1 St|783|arzneimittel/3766139/kadefungin-3-kombipackung.htm|product.stockStatus.available","stockStatus":"","stockStatusReason":"product.stockStatus.available","inStock":true,"pricePerUnit":"","discountInPercent":33,"created":1445169952000,"lastChanged":1598578210000,"ratingsLink":"/produktbewertungen/3766139/kadefungin-3-kombipackung.htm","ean":"","RPMultiplier":1,"ribbonText":"","primaryCategory":["Die Online-Apotheke für Deutschland","Die Online-Apotheke für Deutschland/Arzneimittel & weitere Produkte ","Die Online-Apotheke für Deutschland/Arzneimittel & weitere Produkte /Haut, Haare & Nägel","Die Online-Apotheke für Deutschland/Arzneimittel & weitere Produkte /Haut, Haare & Nägel/Haut","Die Online-Apotheke für Deutschland/Arzneimittel & weitere Produkte /Haut, Haare & Nägel/Haut/Pilzinfektion","Die Online-Apotheke für Deutschland/Arzneimittel & weitere Produkte /Haut, Haare & Nägel/Haut/Pilzinfektion/Vaginalpilz"],"topsellerCountBucket":12,"filterAttributes":[],"filterRating":0.17,"packSize":"1 St","variants":[{"id":"03766139","text":"Zur Anwendung bei Infektionen der Scheide und des äußeren Genitalbereiches durch Hefepilze","webDetailPath":"arzneimittel/3766139/kadefungin-3-kombipackung.htm","stock":"product.stockStatus.available","active":true,"discount":"33","retailPrice":"783","listPrice":"1167","packSize":"1 St","nowProductGroup":"nextday","attributes":["apothekenpflichtig","Arzneimittel"],"productName":"KadeFungin®3 Kombipackung","pricePerUnit":"","imageUrl":"https://cdn.shop-apotheke.com/images/kadefungin-3-kombipackung-kombipackung-D03766139-p1.jpg","pharmaForm":"Kombipackung","ribbonText":"","RPMultiplier":"1"}],"master":true,"marketplace":true,"nowProductGroup":"nextday","notOnStockMessage":"","stockStatusColor":"green","categoryCodes":["csd00001","csd00144","csd00158","csd00168","csd00170","csd00072","csd01052","root","catalogs","main","themeshop","csd01161","csd01168","csd01434","csd02271","csd02272","landingpages","csd02446","csd03339","csd03648"],"prices":{"listPrice":{"amount":11.67,"net":10.06,"currency":"EUR","info":{"index":1,"text":"AVP / UVP"}},"retailPrice":{"amount":7.83,"net":6.75,"currency":"EUR","info":{"index":1,"text":"AVP / UVP"}}},"calculatedRatingRanking":3.9,"objectID":"03766139","_highlightResult":{"activeSubstances":[{"value":"Clotrimazol","matchLevel":"none","matchedWords":[]},{"value":"Clotrimazol","matchLevel":"none","matchedWords":[]}]},"_rankingInfo":{"nbTypos":0,"firstMatchedWord":0,"proximityDistance":0,"userScore":127,"geoDistance":0,"geoPrecision":1,"nbExactWords":0,"words":1,"filters":1,"personalization":{"score":0,"rankingScore":0,"filtersScore":0,"textualRelevanceBucket":1,"initialPosition":73,"newPosition":73}}},{"brandCode":"csd2804","pzn":"00927263","productName":"Voltaren® Dolo 25 mg","secondaryCategories":["Voltaren","Bestseller","Voltaren","Nackenschmerzen","Voltaren","Verspannungen","Voltaren","Muskel – und Gelenkschmerzen","Ratgeber","Bewegungsschmerzen","Kopfschmerzen","Diclofenac","Black Friday®","30% und mehr","Specials","Neujahrs-Special","Muskeln, Knochen & Gelenke","Gelenkschmerzen","Muskeln, Knochen & Gelenke","Muskelverspannungen","Landingpages","NOW! Schmerzen","UNSERE ADVENTS-ÜBERASCHUNG EXKLUSIV FÜR UNSERE BESTEN KUNDEN.","Advent 3","Landingpages","Angebote aus der App-otheke ","Schmerzen","Fiebersenkende Schmerzmittel","Erkältung & Grippe","Fiebersenkende Schmerzmittel","Voltaren","Rückenschmerzen","Voltaren","Knieschmerzen"],"manufacturer":"GlaxoSmithKline Consumer Healthcare","pharmaForm":"Überzogene Tabletten","brand":"Voltaren Dolo","brandIntern":"Voltaren®","subBrandIntern":"Dolo","activeSubstances":["Diclofenac kalium"],"additiveSubstances":["Magnesium stearat","Carboxymethylstärke, Natrium Typ A","Tricalciumphosphat","Siliciumdioxid, hochdisperses","Cellulose, mikrokristalline","Povidon K30","Eisen(III)-oxid","Saccharose","Maisstärke","Macrogol 8000","Titandioxid","Talkum"],"additiveSubstancesHtml":"<ul><li>Magnesium stearat</li><li>Carboxymethylstärke, Natrium Typ A</li><li>Tricalciumphosphat</li><li>Siliciumdioxid, hochdisperses</li><li>Cellulose, mikrokristalline</li><li>Povidon K30</li><li>Eisen(III)-oxid</li><li>Saccharose</li><li>Maisstärke</li><li>Macrogol 8000</li><li>Titandioxid</li><li>Talkum</li></ul>","descriptionShort":"Zur Behandlung von leichten bis mäßig starken Schmerzen.","keywords":[],"unit":"St","unitQuantityString":"20","masterID":"00927257","indicationRanges":["Analgetika/ Antipyretika","Antipyretisch wirkende Analgetika","Sonstige Monopräparate"],"ratingCount":108,"averageRating":4.83,"attributes":["apothekenpflichtig","Arzneimittel"],"prescriptionMedicine":false,"price":719,"listPrice":1042,"netRetailPrice":620,"priceFormatted":"€ 7,19","listPriceFormatted":"€ 10,42","potency":"","ifap":"Das Präparat ist ein schmerzstillendes und entzündungshemmendes Arzneimittel aus der Gruppe der so genannten nichtsteroidalen Antiphlogistika/Antirheumatika (im Folgenden abgekürzt als „NSAR&quot; = Entzündungs- und Schmerzhemmer). AnwendungsgebieteLeichte bis mäßig starke Schmerzen.","image":"https://cdn.shop-apotheke.com/images/voltaren-dolo-25-mg-ueberzogene-tabletten-D00927263-p1.jpg","hasImage":true,"deeplink":"arzneimittel/927263/voltaren-dolo-25-mg.htm","applicablePromotions":"","variantDetails":"00927257|00927263|31|20 St|719|arzneimittel/927263/voltaren-dolo-25-mg.htm|product.stockStatus.available","stockStatus":"","stockStatusReason":"product.stockStatus.available","inStock":true,"pricePerUnit":"","discountInPercent":31,"created":1445167509000,"lastChanged":1598578808000,"ratingsLink":"/produktbewertungen/927263/voltaren-dolo-25-mg.htm","ean":"","RPMultiplier":1,"ribbonText":"","primaryCategory":["Die Online-Apotheke für Deutschland","Die Online-Apotheke für Deutschland/Arzneimittel & weitere Produkte ","Die Online-Apotheke für Deutschland/Arzneimittel & weitere Produkte /Schmerzen","Die Online-Apotheke für Deutschland/Arzneimittel & weitere Produkte /Schmerzen/Muskel- & Gelenkschmerzen"],"topsellerCountBucket":12,"filterAttributes":[],"filterRating":0.17,"packSize":"20 St","variants":[{"id":"00927257","text":"Zur Behandlung von leichten bis mäßig starken Schmerzen","webDetailPath":"arzneimittel/927257/voltaren-dolo-25-mg.htm","stock":"product.stockStatus.available","active":true,"discount":"31","retailPrice":"435","listPrice":"633","packSize":"10 St","nowProductGroup":"sameday_nextday","attributes":["apothekenpflichtig","Arzneimittel"],"productName":"Voltaren® Dolo 25 mg","pricePerUnit":"","imageUrl":"https://cdn.shop-apotheke.com/images/voltaren-dolo-25-mg-ueberzogene-tabletten-D00927257-p1.jpg","pharmaForm":"Überzogene Tabletten","ribbonText":"","RPMultiplier":"1"},{"id":"00927263","text":"Zur Behandlung von leichten bis mäßig starken Schmerzen.","webDetailPath":"arzneimittel/927263/voltaren-dolo-25-mg.htm","stock":"product.stockStatus.available","active":false,"discount":"31","retailPrice":"719","listPrice":"1042","packSize":"20 St","nowProductGroup":"nextday","attributes":["apothekenpflichtig","Arzneimittel"],"productName":"Voltaren® Dolo 25 mg","pricePerUnit":"","imageUrl":"https://cdn.shop-apotheke.com/images/voltaren-dolo-25-mg-ueberzogene-tabletten-D00927263-p1.jpg","pharmaForm":"Überzogene Tabletten","ribbonText":"","RPMultiplier":"1"}],"master":false,"marketplace":true,"nowProductGroup":"nextday","notOnStockMessage":"","stockStatusColor":"green","categoryCodes":["csd00001","csd00269","csd00276","csd00275","csd00061","csd01059","csd00263","csd01121","root","catalogs","main","themeshop","csd01136","csd01434","csd01461","csd02394","csd02398","csd02710","csd02271","csd02859","landingpages","csd03475","csd03646","csd03644","csd03684","brandshop","csd1603","csd04439","csd1604","csd1605","csd1606","csd1613","csd1614"],"prices":{"listPrice":{"amount":10.42,"net":8.98,"currency":"EUR","info":{"index":1,"text":"AVP / UVP"}},"retailPrice":{"amount":7.19,"net":6.2,"currency":"EUR","info":{"index":1,"text":"AVP / UVP"}}},"calculatedRatingRanking":4.09,"objectID":"00927263","_highlightResult":{"activeSubstances":[{"value":"Diclofenac kalium","matchLevel":"none","matchedWords":[]}]},"_rankingInfo":{"nbTypos":0,"firstMatchedWord":0,"proximityDistance":0,"userScore":126,"geoDistance":0,"geoPrecision":1,"nbExactWords":0,"words":1,"filters":1,"personalization":{"score":0,"rankingScore":0,"filtersScore":0,"textualRelevanceBucket":1,"initialPosition":74,"newPosition":74}}},{"brandCode":"csd01596","pzn":"13947528","productName":"OMNi-BiOTiC® 10","secondaryCategories":[],"manufacturer":"INSTITUT ALLERGOSAN Deutschland (privat) GmbH","pharmaForm":"Beutel","brand":"OMNi-BiOTiC","brandIntern":"OMNi BiOTiC®","subBrandIntern":"10","activeSubstances":["Bakterienkulturen"],"additiveSubstances":["Maltodextrin","Inulin","Vanille-Aroma","Protein-Hydrolysat (Reis)","Fructo-Oligosaccharide","Amylase","Magnesiumsulfat, getrocknetes","Mangan(II)-sulfat","Maisstärke","Kaliumchlorid"],"additiveSubstancesHtml":"<ul><li>Maltodextrin</li><li>Inulin</li><li>Vanille-Aroma</li><li>Protein-Hydrolysat (Reis)</li><li>Fructo-Oligosaccharide</li><li>Amylase</li><li>Magnesiumsulfat, getrocknetes</li><li>Mangan(II)-sulfat</li><li>Maisstärke</li><li>Kaliumchlorid</li></ul>","descriptionShort":"Mit hochaktiven Darmsymbionten","keywords":[],"unit":"g","unitQuantityString":"30X5","masterID":"13584793","indicationRanges":["Ohne Angabe einer Indikation, da Nichtarzneimittel"],"ratingCount":99,"averageRating":4.82,"attributes":["vegan","Lebensmittel","Nahrungsergänzungsmittel"],"prescriptionMedicine":false,"price":3727,"listPrice":4295,"netRetailPrice":3550,"priceFormatted":"€ 37,27","listPriceFormatted":"€ 42,95","potency":"","ifap":"","image":"https://cdn.shop-apotheke.com/images/omni-biotic-10-beutel-D13947528-p1.jpg","hasImage":true,"deeplink":"arzneimittel/13947528/omni-biotic-10.htm","applicablePromotions":"","variantDetails":"13584793|13947528|13|30X5 g|3727|arzneimittel/13947528/omni-biotic-10.htm|product.stockStatus.available","stockStatus":"","stockStatusReason":"product.stockStatus.available","inStock":true,"pricePerUnit":"24,85 € / 100 g","discountInPercent":13,"created":1515052839000,"lastChanged":1598572562000,"ratingsLink":"/produktbewertungen/13947528/omni-biotic-10.htm","ean":"9120001433537","RPMultiplier":1,"ribbonText":"","primaryCategory":["Die Online-Apotheke für Deutschland","Die Online-Apotheke für Deutschland/Arzneimittel & weitere Produkte ","Die Online-Apotheke für Deutschland/Arzneimittel & weitere Produkte /Magen & Darm","Die Online-Apotheke für Deutschland/Arzneimittel & weitere Produkte /Magen & Darm/Regulierung der Darmflora"],"topsellerCountBucket":12,"filterAttributes":["vegan","Lebensmittel","Nahrungsergänzungsmittel"],"filterRating":0.18,"packSize":"30X5 g","variants":[{"id":"13584793","text":"Mit hochaktiven Darmsymbionten","webDetailPath":"arzneimittel/13584793/omni-biotic-10.htm","stock":"product.stockStatus.available","active":true,"discount":"16","retailPrice":"1418","listPrice":"1695","packSize":"10X5 g","nowProductGroup":"sameday_nextday","attributes":["vegan","Lebensmittel","Nahrungsergänzungsmittel"],"productName":"OMNi-BiOTiC® 10","pricePerUnit":"28,36 € / 100 g","imageUrl":"https://cdn.shop-apotheke.com/images/omni-biotic-10-pulver-D13584793-p1.jpg","pharmaForm":"Pulver","ribbonText":"","RPMultiplier":"1"},{"id":"13584824","text":"Mit hochaktiven Darmsymbionten","webDetailPath":"arzneimittel/13584824/omni-biotic-10.htm","stock":"product.stockStatus.available","active":false,"discount":"18","retailPrice":"2549","listPrice":"3095","packSize":"20X5 g","nowProductGroup":"sameday_nextday","attributes":["vegan","Lebensmittel","Nahrungsergänzungsmittel"],"productName":"OMNi-BiOTiC® 10","pricePerUnit":"25,49 € / 100 g","imageUrl":"https://cdn.shop-apotheke.com/images/omni-biotic-10-pulver-D13584824-p1.jpg","pharmaForm":"Pulver","ribbonText":"","RPMultiplier":"1"},{"id":"13947528","text":"Mit hochaktiven Darmsymbionten","webDetailPath":"arzneimittel/13947528/omni-biotic-10.htm","stock":"product.stockStatus.available","active":false,"discount":"13","retailPrice":"3727","listPrice":"4295","packSize":"30X5 g","nowProductGroup":"sameday_nextday","attributes":["vegan","Lebensmittel","Nahrungsergänzungsmittel"],"productName":"OMNi-BiOTiC® 10","pricePerUnit":"24,85 € / 100 g","imageUrl":"https://cdn.shop-apotheke.com/images/omni-biotic-10-beutel-D13947528-p1.jpg","pharmaForm":"Beutel","ribbonText":"","RPMultiplier":"1"},{"id":"13584830","text":" Mit hochaktiven Darmsymbionten ","webDetailPath":"arzneimittel/13584830/omni-biotic-10.htm","stock":"product.stockStatus.available","active":false,"discount":"15","retailPrice":"4803","listPrice":"5650","packSize":"40X5 g","nowProductGroup":"sameday_nextday","attributes":["vegan","Lebensmittel","Nahrungsergänzungsmittel"],"productName":"OMNi BiOTiC® 10","pricePerUnit":"24,02 € / 100 g","imageUrl":"https://cdn.shop-apotheke.com/images/omni-biotic-10-pulver-D13584830-p1.jpg","pharmaForm":"Pulver","ribbonText":"","RPMultiplier":"1"}],"master":false,"marketplace":false,"nowProductGroup":"sameday_nextday","notOnStockMessage":"","stockStatusColor":"green","categoryCodes":["csd00001","csd00219","csd00228"],"prices":{"listPrice":{"amount":42.95,"net":40.9,"currency":"EUR","info":{"index":1,"text":"AVP / UVP"}},"retailPrice":{"amount":37.27,"net":35.5,"currency":"EUR","info":{"index":1,"text":"AVP / UVP"}}},"calculatedRatingRanking":4.04,"objectID":"13947528","_highlightResult":{"activeSubstances":[{"value":"Bakterienkulturen","matchLevel":"none","matchedWords":[]}]},"_rankingInfo":{"nbTypos":0,"firstMatchedWord":0,"proximityDistance":0,"userScore":125,"geoDistance":0,"geoPrecision":1,"nbExactWords":0,"words":1,"filters":1,"personalization":{"score":0,"rankingScore":0,"filtersScore":0,"textualRelevanceBucket":1,"initialPosition":75,"newPosition":75}}},{"brandCode":"","pzn":"08105303","productName":"Rhinospray® plus Doppelpack Nasenspray","secondaryCategories":["Erkältung & Grippe","Schnupfen"],"manufacturer":"Sanofi-Aventis Deutschland GmbH GB Selbstmedikation /Consumer-Care","pharmaForm":"Dosierspray","brand":"","brandIntern":"","subBrandIntern":"","activeSubstances":[],"additiveSubstances":[],"additiveSubstancesHtml":"","descriptionShort":"Zur Abschwellung der Nasenschleimhaut bei Schnupfen","keywords":[],"unit":"ml","unitQuantityString":"2x10","masterID":"07610138","indicationRanges":[],"ratingCount":74,"averageRating":4.82,"attributes":["apothekenpflichtig","Arzneimittel"],"prescriptionMedicine":false,"price":885,"listPrice":1322,"netRetailPrice":763,"priceFormatted":"€ 8,85","listPriceFormatted":"€ 13,22","potency":"","ifap":"","image":"https://cdn.shop-apotheke.com/images/rhinospray-plus-doppelpack-nasenspray-dosierspray-D08105303-p1.jpg","hasImage":true,"deeplink":"arzneimittel/8105303/rhinospray-plus-doppelpack-nasenspray.htm","applicablePromotions":"","variantDetails":"07610138|08105303|33|2x10 ml|885|arzneimittel/8105303/rhinospray-plus-doppelpack-nasenspray.htm|product.stockStatus.available","stockStatus":"","stockStatusReason":"product.stockStatus.available","inStock":true,"pricePerUnit":"44,25 € / 100 ml","discountInPercent":33,"created":1589203100000,"lastChanged":1598571039000,"ratingsLink":"/produktbewertungen/8105303/rhinospray-plus-doppelpack-nasenspray.htm","ean":"","RPMultiplier":1,"ribbonText":"","primaryCategory":["Die Online-Apotheke für Deutschland","Die Online-Apotheke für Deutschland/Arzneimittel & weitere Produkte ","Die Online-Apotheke für Deutschland/Arzneimittel & weitere Produkte /Auge, Nase & Ohr","Die Online-Apotheke für Deutschland/Arzneimittel & weitere Produkte /Auge, Nase & Ohr/Nase","Die Online-Apotheke für Deutschland/Arzneimittel & weitere Produkte /Auge, Nase & Ohr/Nase/Schnupfen"],"topsellerCountBucket":12,"filterAttributes":[],"filterRating":0.18,"packSize":"2x10 ml","variants":[{"id":"07610138","text":"Zur Abschwellung der Nasenschleimhaut bei Schnupfen","webDetailPath":"arzneimittel/7610138/rhinospray-plus-bei-schnupfen-nasenspray.htm","stock":"product.stockStatus.available","active":true,"discount":"30","retailPrice":"466","listPrice":"661","packSize":"10 ml","nowProductGroup":"nextday","attributes":["apothekenpflichtig","Arzneimittel"],"productName":"Rhinospray® Plus bei Schnupfen Nasenspray","pricePerUnit":"46,60 € / 100 ml","imageUrl":"https://cdn.shop-apotheke.com/images/rhinospray-plus-bei-schnupfen-nasenspray-dosierspray-D07610138-p1.jpg","pharmaForm":"Dosierspray","ribbonText":"","RPMultiplier":"1"},{"id":"08105303","text":"Zur Abschwellung der Nasenschleimhaut bei Schnupfen","webDetailPath":"arzneimittel/8105303/rhinospray-plus-doppelpack-nasenspray.htm","stock":"product.stockStatus.available","active":false,"discount":"33","retailPrice":"885","listPrice":"1322","packSize":"2x10 ml","nowProductGroup":"nextday","attributes":["apothekenpflichtig","Arzneimittel"],"productName":"Rhinospray® plus Doppelpack Nasenspray","pricePerUnit":"44,25 € / 100 ml","imageUrl":"https://cdn.shop-apotheke.com/images/rhinospray-plus-doppelpack-nasenspray-dosierspray-D08105303-p1.jpg","pharmaForm":"Dosierspray","ribbonText":"","RPMultiplier":"1"}],"master":false,"marketplace":false,"nowProductGroup":"nextday","notOnStockMessage":"","stockStatusColor":"green","categoryCodes":["csd00001","csd00020","csd00028","csd00033","csd00061","csd01060"],"prices":{"listPrice":{"amount":13.22,"net":11.4,"currency":"EUR","info":{"index":1,"text":"AVP / UVP"}},"retailPrice":{"amount":8.85,"net":7.63,"currency":"EUR","info":{"index":1,"text":"AVP / UVP"}}},"calculatedRatingRanking":3.88,"objectID":"08105303","_rankingInfo":{"nbTypos":0,"firstMatchedWord":0,"proximityDistance":0,"userScore":124,"geoDistance":0,"geoPrecision":1,"nbExactWords":0,"words":1,"filters":1,"personalization":{"score":0,"rankingScore":0,"filtersScore":0,"textualRelevanceBucket":1,"initialPosition":76,"newPosition":76}}},{"brandCode":"csd2354","pzn":"02663704","productName":"Cetirizin-ADGC® Filmtabletten","secondaryCategories":["Landingpages","Topseller Allergie","Produkt-Promotions CRM","SHOP APOTHEKE NOW! Allergie","Landingpages","Weltgesundheitstag: Hausapotheke"],"manufacturer":"KSK-Pharma Vertriebs AG","pharmaForm":"Filmtabletten","brand":"Cetirizin ADGC","brandIntern":"KSK-Pharma","subBrandIntern":"Cetirizin-ADGC®","activeSubstances":["Cetirizin dihydrochlorid"],"additiveSubstances":["Magnesium stearat","Hypromellose","Siliciumdioxid, hochdisperses","Cellulose, mikrokristalline","Natriumcitrat-2-Wasser","Maisstärke","Lactose-1-Wasser","Macrogol 4000","Titandioxid","Talkum"],"additiveSubstancesHtml":"<ul><li>Magnesium stearat</li><li>Hypromellose</li><li>Siliciumdioxid, hochdisperses</li><li>Cellulose, mikrokristalline</li><li>Natriumcitrat-2-Wasser</li><li>Maisstärke</li><li>Lactose-1-Wasser</li><li>Macrogol 4000</li><li>Titandioxid</li><li>Talkum</li></ul>","descriptionShort":"Bei allergischen Erkrankungen","keywords":["ceterizin","cetirizin","allergie"],"unit":"St","unitQuantityString":"100","masterID":"02662745","indicationRanges":["Antiallergika","H1-Antihistaminika (Interna)","Monopräparate"],"ratingCount":217,"averageRating":4.82,"attributes":["apothekenpflichtig","Arzneimittel"],"prescriptionMedicine":false,"price":981,"listPrice":1262,"netRetailPrice":846,"priceFormatted":"€ 9,81","listPriceFormatted":"€ 12,62","potency":"","ifap":"Cetirizindihydrochlorid ist der Wirkstoff des Arzneimittels. Das Arzneimittel ist ein Antiallergikum. Bei Erwachsenen und Kindern ab einem Alter von 6 Jahren ist das Arzneimittel angezeigt zur:Linderung von Nasen- und Augensymptomen bei saisonaler und ganzjähriger allergischer Rhinitis. Linderung von Nesselsucht (Urtikaria).","image":"https://cdn.shop-apotheke.com/images/cetirizin-adgc-filmtabletten-filmtabletten-D02663704-p10.jpg","hasImage":true,"deeplink":"arzneimittel/2663704/cetirizin-adgc-filmtabletten.htm","applicablePromotions":"","variantDetails":"02662745|02663704|22|100 St|981|arzneimittel/2663704/cetirizin-adgc-filmtabletten.htm|product.stockStatus.available","stockStatus":"","stockStatusReason":"product.stockStatus.available","inStock":true,"pricePerUnit":"","discountInPercent":22,"created":1445166643000,"lastChanged":1598569202000,"ratingsLink":"/produktbewertungen/2663704/cetirizin-adgc-filmtabletten.htm","ean":"","RPMultiplier":1,"ribbonText":"","primaryCategory":["Die Online-Apotheke für Deutschland","Die Online-Apotheke für Deutschland/Arzneimittel & weitere Produkte ","Die Online-Apotheke für Deutschland/Arzneimittel & weitere Produkte /Allergie & Asthma","Die Online-Apotheke für Deutschland/Arzneimittel & weitere Produkte /Allergie & Asthma/Allergiemittel zum Einnehmen"],"topsellerCountBucket":12,"filterAttributes":[],"filterRating":0.18,"packSize":"100 St","variants":[{"id":"02662745","text":"Bei allergischen Erkrankungen","webDetailPath":"arzneimittel/2662745/cetirizin-adgc-filmtabletten.htm","stock":"product.stockStatus.available","active":true,"discount":"7","retailPrice":"270","listPrice":"289","packSize":"20 St","nowProductGroup":"sameday_nextday","attributes":["apothekenpflichtig","Arzneimittel"],"productName":"Cetirizin-ADGC Filmtabletten","pricePerUnit":"","imageUrl":"https://cdn.shop-apotheke.com/images/cetirizin-adgc-filmtabletten-filmtabletten-D02662745-p10.jpg","pharmaForm":"Filmtabletten","ribbonText":"","RPMultiplier":"1"},{"id":"02662780","text":"Bei allergischen Erkrankungen","webDetailPath":"arzneimittel/2662780/cetirizin-adgc-filmtabletten.htm","stock":"product.stockStatus.available","active":false,"discount":"21","retailPrice":"534","listPrice":"680","packSize":"50 St","nowProductGroup":"sameday_nextday","attributes":["apothekenpflichtig","Arzneimittel"],"productName":"Cetirizin-ADGC® Filmtabletten","pricePerUnit":"","imageUrl":"https://cdn.shop-apotheke.com/images/cetirizin-adgc-filmtabletten-filmtabletten-D02662780-p10.jpg","pharmaForm":"Filmtabletten","ribbonText":"","RPMultiplier":"1"},{"id":"02663704","text":"Bei allergischen Erkrankungen","webDetailPath":"arzneimittel/2663704/cetirizin-adgc-filmtabletten.htm","stock":"product.stockStatus.available","active":false,"discount":"22","retailPrice":"981","listPrice":"1262","packSize":"100 St","nowProductGroup":"sameday_nextday","attributes":["apothekenpflichtig","Arzneimittel"],"productName":"Cetirizin-ADGC® Filmtabletten","pricePerUnit":"","imageUrl":"https://cdn.shop-apotheke.com/images/cetirizin-adgc-filmtabletten-filmtabletten-D02663704-p10.jpg","pharmaForm":"Filmtabletten","ribbonText":"","RPMultiplier":"1"}],"master":false,"marketplace":false,"nowProductGroup":"sameday_nextday","notOnStockMessage":"","stockStatusColor":"green","categoryCodes":["csd00001","csd00010","csd00011","root","catalogs","main","landingpages","csd03290","csd03987","csd03988","csd03340","csd03939"],"prices":{"listPrice":{"amount":12.62,"net":10.88,"currency":"EUR","info":{"index":1,"text":"AVP / UVP"}},"retailPrice":{"amount":9.81,"net":8.46,"currency":"EUR","info":{"index":1,"text":"AVP / UVP"}}},"calculatedRatingRanking":4.39,"objectID":"02663704","_highlightResult":{"activeSubstances":[{"value":"Cetirizin dihydrochlorid","matchLevel":"none","matchedWords":[]}]},"_rankingInfo":{"nbTypos":0,"firstMatchedWord":0,"proximityDistance":0,"userScore":123,"geoDistance":0,"geoPrecision":1,"nbExactWords":0,"words":1,"filters":1,"personalization":{"score":0,"rankingScore":0,"filtersScore":0,"textualRelevanceBucket":1,"initialPosition":77,"newPosition":77}}},{"brandCode":"csd2454","pzn":"00571748","productName":"Grippostad® C Hartkapseln","secondaryCategories":["Schmerzen","Fiebersenkende Schmerzmittel","Erkältung & Grippe","Fiebersenkende Schmerzmittel","RedPoints Aktionswoche - Gute Vorsätze","Beauty ","Geschenke Themenwelt","Gesundheit schenken","Landingpages","NOW! Erkältung","Black Friday®","Erkältungs-Produkte","Landingpages","40 Reiseknüller","Landingpages","SHOP APOTHEKE NOW!","Healthy Deals","Healthy Deals Reiseapotheke","Landingpages","Mai Aktion","Landingpages","Mai Kracher","Healthy Deals","Healthy Deals Aktionsprodukte","Landingpages","Healthy Deals App-Angebote","Healthy Deals","RedPoints-Aktion"],"manufacturer":"STADA Consumer Health Deutschland GmbH","pharmaForm":"Hartkapseln","brand":"Grippostad C","brandIntern":"STADA","subBrandIntern":"Grippostad®","activeSubstances":["Paracetamol","Ascorbinsäure","Chlorphenamin hydrogenmaleat","Coffein"],"additiveSubstances":["Chinolingelb","Chinolingelb","Glycerol tristearat","Gelatine","Lactose-1-Wasser","Erythrosin","Titandioxid"],"additiveSubstancesHtml":"<ul><li>Chinolingelb</li><li>Chinolingelb</li><li>Glycerol tristearat</li><li>Gelatine</li><li>Lactose-1-Wasser</li><li>Erythrosin</li><li>Titandioxid</li></ul>","descriptionShort":"Bei grippalen Infekten und Erkältungskrankheiten","keywords":["Grippe"],"unit":"St","unitQuantityString":"24","masterID":"00571748","indicationRanges":["Atemwegskrankheiten und grippale Infekte","Mittel bei grippalen Infekten","Fieber-/ Schnupfenmittel"],"ratingCount":567,"averageRating":4.81,"attributes":["apothekenpflichtig","Arzneimittel"],"prescriptionMedicine":false,"price":846,"listPrice":1364,"netRetailPrice":729,"priceFormatted":"€ 8,46","listPriceFormatted":"€ 13,64","potency":"","ifap":"Das Arzneimittel ist ein Arzneimittel gegen grippale Infekte und Erkältungskrankheiten. Das Arzneimittel wird angewendetzur symptomatischen Behandlung von gemeinsam auftretenden Beschwerden wie Kopf- und Gliederschmerzen, Schnupfen und Reizhusten im Rahmen einer einfachen Erkältungskrankheit. Bei gleichzeitigem Fieber oder erhöhter Körpertemperatur wirkt das Arzneimittel fiebersenkend. Durch die fixe Kombination der Wirkstoffe in dem Arzneimittel kann bei Beschwerden, die überwiegend eines der genannten Symptome betreffen, keine individuelle Dosisanpassung vorgenommen werden. In solchen Situationen sind Arzneimittel in anderer Zusammensetzung vorzuziehen.","image":"https://cdn.shop-apotheke.com/images/grippostad-c-hartkapseln-hartkapseln-D00571748-p1.jpg","hasImage":true,"deeplink":"arzneimittel/571748/grippostad-c-hartkapseln.htm","applicablePromotions":"","variantDetails":"00571748|00571748|38|24 St|846|arzneimittel/571748/grippostad-c-hartkapseln.htm|product.stockStatus.available","stockStatus":"","stockStatusReason":"product.stockStatus.available","inStock":true,"pricePerUnit":"","discountInPercent":38,"created":1445175316000,"lastChanged":1598568454000,"ratingsLink":"/produktbewertungen/571748/grippostad-c-hartkapseln.htm","ean":"4150005717482","RPMultiplier":1,"ribbonText":"","primaryCategory":["Die Online-Apotheke für Deutschland","Die Online-Apotheke für Deutschland/Arzneimittel & weitere Produkte ","Die Online-Apotheke für Deutschland/Arzneimittel & weitere Produkte /Erkältung & Grippe","Die Online-Apotheke für Deutschland/Arzneimittel & weitere Produkte /Erkältung & Grippe/Grippale Infekte"],"topsellerCountBucket":12,"filterAttributes":[],"filterRating":0.19,"packSize":"24 St","variants":[{"id":"00571748","text":"Bei grippalen Infekten und Erkältungskrankheiten","webDetailPath":"arzneimittel/571748/grippostad-c-hartkapseln.htm","stock":"product.stockStatus.available","active":true,"discount":"38","retailPrice":"846","listPrice":"1364","packSize":"24 St","nowProductGroup":"nextday","attributes":["apothekenpflichtig","Arzneimittel"],"productName":"Grippostad® C Hartkapseln","pricePerUnit":"","imageUrl":"https://cdn.shop-apotheke.com/images/grippostad-c-hartkapseln-hartkapseln-D00571748-p1.jpg","pharmaForm":"Hartkapseln","ribbonText":"","RPMultiplier":"1"}],"master":true,"marketplace":true,"nowProductGroup":"nextday","notOnStockMessage":"","stockStatusColor":"green","categoryCodes":["csd00001","csd00061","csd00065","csd00269","csd00275","csd01059","csd02764","csd02770","csd01458","csd01434","csd02271","csd02862","csd03171","csd03172","csd02968","csd03288","root","catalogs","main","landingpages","csd03339","csd03341","csd03461","csd03569","csd03635","csd03743","csd03995","csd03997"],"prices":{"listPrice":{"amount":13.64,"net":11.76,"currency":"EUR","info":{"index":1,"text":"AVP / UVP"}},"retailPrice":{"amount":8.46,"net":7.29,"currency":"EUR","info":{"index":1,"text":"AVP / UVP"}}},"calculatedRatingRanking":4.62,"objectID":"00571748","_highlightResult":{"activeSubstances":[{"value":"Paracetamol","matchLevel":"none","matchedWords":[]},{"value":"<ais-highlight-0000000000>A</ais-highlight-0000000000>scorbinsäure","matchLevel":"full","fullyHighlighted":false,"matchedWords":["a"]},{"value":"Chlorphenamin hydrogenmaleat","matchLevel":"none","matchedWords":[]},{"value":"Coffein","matchLevel":"none","matchedWords":[]}]},"_rankingInfo":{"nbTypos":0,"firstMatchedWord":0,"proximityDistance":0,"userScore":122,"geoDistance":0,"geoPrecision":1,"nbExactWords":0,"words":1,"filters":1,"personalization":{"score":0,"rankingScore":0,"filtersScore":0,"textualRelevanceBucket":1,"initialPosition":78,"newPosition":78}}},{"brandCode":"","pzn":"09684230","productName":"SOS Desinfektionstücher ","secondaryCategories":["Erste Hilfe & Verbandmittel","Haut- & Wunddesinfektion","Krankenpflege","Desinfektionsmittel","Erkältung & Grippe","Desinfektion"],"manufacturer":"DISTRICON GmbH","pharmaForm":"Tücher","brand":"","brandIntern":"","subBrandIntern":"","activeSubstances":["Ethanol"],"additiveSubstances":[],"additiveSubstancesHtml":"","descriptionShort":"Beseitigt 99,99 % der Bakterien ideal für unterwegs ","keywords":[],"unit":"St","unitQuantityString":"25","masterID":"09684230","indicationRanges":["Antiseptika/ Desinfektionsmittel","Sonstige"],"ratingCount":15,"averageRating":4.8,"attributes":[],"prescriptionMedicine":false,"price":299,"listPrice":299,"netRetailPrice":258,"priceFormatted":"€ 2,99","listPriceFormatted":"€ 2,99","potency":"","ifap":"","image":"https://cdn.shop-apotheke.com/images/sos-desinfektionstuecher-tuecher-D09684230-p10.jpg","hasImage":true,"deeplink":"arzneimittel/9684230/sos-desinfektionstuecher.htm","applicablePromotions":"","variantDetails":"09684230|09684230|0|25 St|299|arzneimittel/9684230/sos-desinfektionstuecher.htm|product.stockStatus.available","stockStatus":"","stockStatusReason":"product.stockStatus.available","inStock":true,"pricePerUnit":"","discountInPercent":0,"created":1586872033000,"lastChanged":1598571508000,"ratingsLink":"/produktbewertungen/9684230/sos-desinfektionstuecher.htm","ean":"4036581527892","RPMultiplier":1,"ribbonText":"","primaryCategory":["Die Online-Apotheke für Deutschland","Die Online-Apotheke für Deutschland/Arzneimittel & weitere Produkte ","Die Online-Apotheke für Deutschland/Arzneimittel & weitere Produkte /Haus- & Reiseapotheke","Die Online-Apotheke für Deutschland/Arzneimittel & weitere Produkte /Haus- & Reiseapotheke/Hausapotheke","Die Online-Apotheke für Deutschland/Arzneimittel & weitere Produkte /Haus- & Reiseapotheke/Hausapotheke/Desinfektionsmittel"],"topsellerCountBucket":12,"filterAttributes":[],"filterRating":0.2,"packSize":"25 St","variants":[{"id":"09684230","text":"Beseitigt 99,99 % der Bakterien ideal für unterwegs ","webDetailPath":"arzneimittel/9684230/sos-desinfektionstuecher.htm","stock":"product.stockStatus.available","active":true,"discount":"0","retailPrice":"299","listPrice":"299","packSize":"25 St","nowProductGroup":"sameday_nextday","attributes":[],"productName":"SOS Desinfektionstücher ","pricePerUnit":"","imageUrl":"https://cdn.shop-apotheke.com/images/sos-desinfektionstuecher-tuecher-D09684230-p10.jpg","pharmaForm":"Tücher","ribbonText":"","RPMultiplier":"1"}],"master":true,"marketplace":false,"nowProductGroup":"sameday_nextday","notOnStockMessage":"","stockStatusColor":"green","categoryCodes":["csd00001","csd00077","csd02753","csd00114","csd00078","csd00092","csd00195","csd03217","csd00061","csd03649"],"prices":{"listPrice":{"amount":2.99,"net":2.58,"currency":"EUR","info":{"index":1,"text":"AVP / UVP"}},"retailPrice":{"amount":2.99,"net":2.58,"currency":"EUR","info":{"index":1,"text":"AVP / UVP"}}},"calculatedRatingRanking":3.03,"objectID":"09684230","_highlightResult":{"activeSubstances":[{"value":"Ethanol","matchLevel":"none","matchedWords":[]}]},"_rankingInfo":{"nbTypos":0,"firstMatchedWord":0,"proximityDistance":0,"userScore":121,"geoDistance":0,"geoPrecision":1,"nbExactWords":0,"words":1,"filters":1,"personalization":{"score":0,"rankingScore":0,"filtersScore":0,"textualRelevanceBucket":1,"initialPosition":79,"newPosition":79}}},{"brandCode":"csd03740","pzn":"13352373","productName":"Vitamin B-Komplex-ratiopharm® Kapseln","secondaryCategories":["Black Friday®","40% und mehr","Sportlernährstoffe","Vitamin B","Black Friday®","Wohl durch den Winter","Landingpages","Vorsatz: Vitamine & Mineralstoffe","Landingpages","SHOP APOTHEKE NOW!","Landingpages","RedPoints Moonlight Aktion"],"manufacturer":"ratiopharm GmbH","pharmaForm":"Kapseln","brand":"ratiopharm Vitamin B Komplex","brandIntern":"ratiopharm","subBrandIntern":"Vitamin B-Komplex-ratiopharm®","activeSubstances":["Folsäure","Biotin","Cyanocobalamin","Niacin-Äquivalent","Riboflavin","Calcium pantothenat","Pyridoxin hydrochlorid","Thiamin nitrat"],"additiveSubstances":["Magnesium stearat","Maltodextrin","Siliciumdioxid","Eisen(III)-oxid","Gelatine","Titandioxid","Talkum"],"additiveSubstancesHtml":"<ul><li>Magnesium stearat</li><li>Maltodextrin</li><li>Siliciumdioxid</li><li>Eisen(III)-oxid</li><li>Gelatine</li><li>Titandioxid</li><li>Talkum</li></ul>","descriptionShort":"Mit allen Vitaminen des B-Komplexes","keywords":[],"unit":"St","unitQuantityString":"120","masterID":"04132750","indicationRanges":["Vitamine","B-Vitamine","Vitamin B-Kombinationen (neurotrope Vitamine)"],"ratingCount":348,"averageRating":4.79,"attributes":["Lebensmittel","Nahrungsergänzungsmittel"],"prescriptionMedicine":false,"price":1961,"listPrice":3192,"netRetailPrice":1868,"priceFormatted":"€ 19,61","listPriceFormatted":"€ 31,92","potency":"","ifap":"Nahrungsergänzungsmittel mit allen Vitaminen des B-Komplexes Die Vitamine des B-Komplexes erfüllen im menschlichen Körper lebenswichtige Aufgaben. Sie sind an wichtigen Stoffwechselreaktionen bei der Energiebereitstellung im Körper beteiligt. Da die verschiedenen Stoffwechselwege eng miteinander verknüpft sind, werden alle B-Vitamine für eine optimale Funktion in ausreichender Menge benötigt. Die B-Vitamine werden aufgrund ihrer besonderen Bedeutung für den Energiestoffwechsel im Nervengewebe, einschließlich des Gehirns, auch als so genannte „neurotrope&quot; (= auf das Nervensystem einwirkende) Vitamine bezeichnet.Zu einem normalen Energiestoffwechseltragen die Vitamine B1, B2, B6, B12, Biotin, Niacin und Pantothensäure bei. Zu einer normalen Funktion des Nervensystemstragen die Vitamine B1, B2, B6, B12, Biotin und Niacin bei. Pantothensäure trägt zur normalen Bildung und Stoffwechsel einiger Neurotransmitter und zur normalen geistigen Leistungsfähigkeit bei. Für normale psychische Funktionentragen die Vitamine B1, B6, B12, Folsäure, Biotin und Niacin bei. Zur Verminderung von Müdigkeit und Erschöpfungkönnen die Vitamine B2, B6, B12, Folsäure, Niacin und Pantothensäure beitragen. Zu einem normalen Homocystein-Stoffwechseltragen die Vitamine B6 und B12 bei. Folsäure trägt zur Aufrechterhaltung eines normalen Homocystein-Spiegels bei. Zur Bildung roter Blutkörperchentragen die Vitamine B2, B6 und B12 bei. Zur Aufrechterhaltung von normaler Haut und Schleimhäuteträgen Vitamin B2, Biotin und Niacin bei. Biotin trägt zudem für den Erhalt normaler Haare bei.","image":"https://cdn.shop-apotheke.com/images/vitamin-b-komplex-ratiopharm-kapseln-kapseln-D13352373-p1.jpg","hasImage":true,"deeplink":"arzneimittel/13352373/vitamin-b-komplex-ratiopharm-kapseln.htm","applicablePromotions":"","variantDetails":"04132750|13352373|39|120 St|1961|arzneimittel/13352373/vitamin-b-komplex-ratiopharm-kapseln.htm|product.stockStatus.available","stockStatus":"","stockStatusReason":"product.stockStatus.available","inStock":true,"pricePerUnit":"","discountInPercent":39,"created":1512120307000,"lastChanged":1598572424000,"ratingsLink":"/produktbewertungen/13352373/vitamin-b-komplex-ratiopharm-kapseln.htm","ean":"","RPMultiplier":1,"ribbonText":"","primaryCategory":["Die Online-Apotheke für Deutschland","Die Online-Apotheke für Deutschland/Arzneimittel & weitere Produkte ","Die Online-Apotheke für Deutschland/Arzneimittel & weitere Produkte /Vitamine & Mineralstoffe","Die Online-Apotheke für Deutschland/Arzneimittel & weitere Produkte /Vitamine & Mineralstoffe/Vitaminpräparate","Die Online-Apotheke für Deutschland/Arzneimittel & weitere Produkte /Vitamine & Mineralstoffe/Vitaminpräparate/Vitamin B"],"topsellerCountBucket":12,"filterAttributes":["Lebensmittel","Nahrungsergänzungsmittel"],"filterRating":0.21,"packSize":"120 St","variants":[{"id":"04132750","text":"Mit allen Vitaminen des B-Komplexes","webDetailPath":"arzneimittel/4132750/vitamin-b-komplex-ratiopharm-kapseln.htm","stock":"product.stockStatus.available","active":true,"discount":"39","retailPrice":"1091","listPrice":"1800","packSize":"60 St","nowProductGroup":"nextday","attributes":["Lebensmittel","Nahrungsergänzungsmittel","ABO"],"productName":"Vitamin B-Komplex-ratiopharm® Kapseln","pricePerUnit":"","imageUrl":"https://cdn.shop-apotheke.com/images/vitamin-b-komplex-ratiopharm-kapseln-kapseln-D04132750-p1.jpg","pharmaForm":"Kapseln","ribbonText":"","RPMultiplier":"1"},{"id":"13352373","text":"Mit allen Vitaminen des B-Komplexes","webDetailPath":"arzneimittel/13352373/vitamin-b-komplex-ratiopharm-kapseln.htm","stock":"product.stockStatus.available","active":false,"discount":"39","retailPrice":"1961","listPrice":"3192","packSize":"120 St","nowProductGroup":"sameday_nextday","attributes":["Lebensmittel","Nahrungsergänzungsmittel"],"productName":"Vitamin B-Komplex-ratiopharm® Kapseln","pricePerUnit":"","imageUrl":"https://cdn.shop-apotheke.com/images/vitamin-b-komplex-ratiopharm-kapseln-kapseln-D13352373-p1.jpg","pharmaForm":"Kapseln","ribbonText":"","RPMultiplier":"1"}],"master":false,"marketplace":true,"nowProductGroup":"sameday_nextday","notOnStockMessage":"","stockStatusColor":"green","categoryCodes":["csd00001","csd00324","csd00352","csd00356","csd01434","csd02271","csd02272","root","catalogs","main","landingpages","csd03339","csd03516","csd03575","csd00283","csd03623","csd03633","csd03668","csd03690"],"prices":{"listPrice":{"amount":31.92,"net":30.4,"currency":"EUR","info":{"index":1,"text":"AVP / UVP"}},"retailPrice":{"amount":19.61,"net":18.68,"currency":"EUR","info":{"index":1,"text":"AVP / UVP"}}},"calculatedRatingRanking":4.5,"objectID":"13352373","_highlightResult":{"activeSubstances":[{"value":"Folsäure","matchLevel":"none","matchedWords":[]},{"value":"Biotin","matchLevel":"none","matchedWords":[]},{"value":"Cyanocobalamin","matchLevel":"none","matchedWords":[]},{"value":"Niacin-<ais-highlight-0000000000>Ä</ais-highlight-0000000000>quivalent","matchLevel":"full","fullyHighlighted":false,"matchedWords":["a"]},{"value":"Riboflavin","matchLevel":"none","matchedWords":[]},{"value":"Calcium pantothenat","matchLevel":"none","matchedWords":[]},{"value":"Pyridoxin hydrochlorid","matchLevel":"none","matchedWords":[]},{"value":"Thiamin nitrat","matchLevel":"none","matchedWords":[]}]},"_rankingInfo":{"nbTypos":0,"firstMatchedWord":0,"proximityDistance":0,"userScore":120,"geoDistance":0,"geoPrecision":1,"nbExactWords":0,"words":1,"filters":1,"personalization":{"score":0,"rankingScore":0,"filtersScore":0,"textualRelevanceBucket":1,"initialPosition":80,"newPosition":80}}},{"brandCode":"","pzn":"03161577","productName":"IbuHEXAL® akut 400 mg","secondaryCategories":["HEXAL","Erkältung, Fieber, Schmerzen","Schmerzen","Migräne","Schmerzen","Zahnschmerzen","Black Friday®","40% und mehr","Black Friday®","Erkältungs-Produkte","Erkältung & Grippe","Fiebersenkende Schmerzmittel","Kopfschmerzen","Ibuprofen","Healthy Deals","RedPoints-Aktion"],"manufacturer":"Hexal AG","pharmaForm":"Filmtabletten","brand":"","brandIntern":"HEXAL®","subBrandIntern":"IbuHEXAL®","activeSubstances":["Ibuprofen"],"additiveSubstances":["Magnesium stearat","Croscarmellose natrium","Hypromellose","Siliciumdioxid, hochdisperses","Cellulose, mikrokristalline","Macrogol 400","Titandioxid","Talkum"],"additiveSubstancesHtml":"<ul><li>Magnesium stearat</li><li>Croscarmellose natrium</li><li>Hypromellose</li><li>Siliciumdioxid, hochdisperses</li><li>Cellulose, mikrokristalline</li><li>Macrogol 400</li><li>Titandioxid</li><li>Talkum</li></ul>","descriptionShort":"Leichte bis mäßig starke Schmerzen","keywords":["ibu","ibuhexal","Regelschmerzen","Gliederschmerzen","Fieber","Zahnschmerzen","Kopfschmerzen"],"unit":"St","unitQuantityString":"50","masterID":"00068966","indicationRanges":["Analgetika/ Antipyretika","Antipyretisch wirkende Analgetika","Arylpropionsäure-Derivate (Monopräparate)"],"ratingCount":165,"averageRating":4.79,"attributes":["apothekenpflichtig","Arzneimittel"],"prescriptionMedicine":false,"price":733,"listPrice":1111,"netRetailPrice":632,"priceFormatted":"€ 7,33","listPriceFormatted":"€ 11,11","potency":"","ifap":"Das Arzneimittelist ein entzündungshemmendes und schmerzstillendes Arzneimittel (nicht-steroidales Antiphlogistikum/Analgetikum). Es enthält den Wirkstoff Ibuprofen. Das Arzneimittel wird angewendet beileichten bis mäßig starken Schmerzen wie Kopfschmerzen, Zahnschmerzen, Regelschmerzen; Fieber.","image":"https://cdn.shop-apotheke.com/images/ibuhexal-akut-400-mg-filmtabletten-D03161577-p1.jpg","hasImage":true,"deeplink":"arzneimittel/3161577/ibuhexal-akut-400-mg.htm","applicablePromotions":"","variantDetails":"00068966|03161577|34|50 St|733|arzneimittel/3161577/ibuhexal-akut-400-mg.htm|product.stockStatus.available","stockStatus":"","stockStatusReason":"product.stockStatus.available","inStock":true,"pricePerUnit":"","discountInPercent":34,"created":1445168437000,"lastChanged":1598569432000,"ratingsLink":"/produktbewertungen/3161577/ibuhexal-akut-400-mg.htm","ean":"","RPMultiplier":1,"ribbonText":"","primaryCategory":["Die Online-Apotheke für Deutschland","Die Online-Apotheke für Deutschland/Arzneimittel & weitere Produkte ","Die Online-Apotheke für Deutschland/Arzneimittel & weitere Produkte /Schmerzen","Die Online-Apotheke für Deutschland/Arzneimittel & weitere Produkte /Schmerzen/Fiebersenkende Schmerzmittel"],"topsellerCountBucket":12,"filterAttributes":[],"filterRating":0.21,"packSize":"50 St","variants":[{"id":"00068966","text":"Leichte bis mäßig starke Schmerzen","webDetailPath":"arzneimittel/68966/ibuhexal-akut-400-mg.htm","stock":"product.stockStatus.available","active":true,"discount":"16","retailPrice":"281","listPrice":"336","packSize":"10 St","nowProductGroup":"nextday","attributes":["apothekenpflichtig","Arzneimittel"],"productName":"IbuHEXAL® akut 400 mg","pricePerUnit":"","imageUrl":"https://cdn.shop-apotheke.com/images/ibuhexal-akut-400-mg-filmtabletten-D00068966-p1.jpg","pharmaForm":"Filmtabletten","ribbonText":"","RPMultiplier":"1"},{"id":"00068972","text":"Leichte bis mäßig starke Schmerzen","webDetailPath":"arzneimittel/68972/ibuhexal-akut-400-mg.htm","stock":"product.stockStatus.available","active":false,"discount":"42","retailPrice":"339","listPrice":"582","packSize":"20 St","nowProductGroup":"sameday_nextday","attributes":["apothekenpflichtig","Arzneimittel"],"productName":"IbuHEXAL® akut 400 mg","pricePerUnit":"","imageUrl":"https://cdn.shop-apotheke.com/images/ibuhexal-akut-400-mg-filmtabletten-D00068972-p1.jpg","pharmaForm":"Filmtabletten","ribbonText":"","RPMultiplier":"1"},{"id":"03161577","text":"Leichte bis mäßig starke Schmerzen","webDetailPath":"arzneimittel/3161577/ibuhexal-akut-400-mg.htm","stock":"product.stockStatus.available","active":false,"discount":"34","retailPrice":"733","listPrice":"1111","packSize":"50 St","nowProductGroup":"sameday_nextday","attributes":["apothekenpflichtig","Arzneimittel"],"productName":"IbuHEXAL® akut 400 mg","pricePerUnit":"","imageUrl":"https://cdn.shop-apotheke.com/images/ibuhexal-akut-400-mg-filmtabletten-D03161577-p1.jpg","pharmaForm":"Filmtabletten","ribbonText":"","RPMultiplier":"1"}],"master":false,"marketplace":false,"nowProductGroup":"sameday_nextday","notOnStockMessage":"","stockStatusColor":"green","categoryCodes":["csd00001","csd00269","csd00275","csd00278","csd00282","csd00061","csd01059","csd01434","csd02271","csd02272","csd02394","csd02397","csd02862","csd02968","csd03288","root","catalogs","main","brandshop","csd2110","csd2115"],"prices":{"listPrice":{"amount":11.11,"net":9.58,"currency":"EUR","info":{"index":1,"text":"AVP / UVP"}},"retailPrice":{"amount":7.33,"net":6.32,"currency":"EUR","info":{"index":1,"text":"AVP / UVP"}}},"calculatedRatingRanking":4.26,"objectID":"03161577","_highlightResult":{"activeSubstances":[{"value":"Ibuprofen","matchLevel":"none","matchedWords":[]}]},"_rankingInfo":{"nbTypos":0,"firstMatchedWord":0,"proximityDistance":0,"userScore":119,"geoDistance":0,"geoPrecision":1,"nbExactWords":0,"words":1,"filters":1,"personalization":{"score":0,"rankingScore":0,"filtersScore":0,"textualRelevanceBucket":1,"initialPosition":81,"newPosition":81}}},{"brandCode":"","pzn":"15420191","productName":"Thomapyrin® TENSION DUO 400 mg / 100 mg Ibuprofen / Coffein","secondaryCategories":["Schmerzen","Rückenschmerzen","Schmerzen","Muskel- & Gelenkschmerzen","Schmerzen","Migräne","Schmerzen","Fiebersenkende Schmerzmittel","Muskeln, Knochen & Gelenke","Gelenkschmerzen","Erkältung & Grippe","Fiebersenkende Schmerzmittel","Landingpages","Mai Aktion","Landingpages","Mai Kracher","Healthy Deals","RedPoints-Aktion"],"manufacturer":"Sanofi-Aventis Deutschland GmbH GB Selbstmedikation /Consumer-Care","pharmaForm":"Filmtabletten","brand":"","brandIntern":"Thomapyrin®","subBrandIntern":"TENSION DUO","activeSubstances":["Coffein","Ibuprofen"],"additiveSubstances":["Magnesium stearat","Croscarmellose natrium","Hyprolose","Hypromellose","Siliciumdioxid, hochdisperses","Cellulose, mikrokristalline","Macrogol 6000","Titandioxid","Talkum"],"additiveSubstancesHtml":"<ul><li>Magnesium stearat</li><li>Croscarmellose natrium</li><li>Hyprolose</li><li>Hypromellose</li><li>Siliciumdioxid, hochdisperses</li><li>Cellulose, mikrokristalline</li><li>Macrogol 6000</li><li>Titandioxid</li><li>Talkum</li></ul>","descriptionShort":"Zur Anwendung bei akut auftretenden mäßig starken Schmerzen","keywords":[],"unit":"St","unitQuantityString":"18","masterID":"12551030","indicationRanges":["Analgetika/ Antipyretika","Antipyretisch wirkende Analgetika","Kombinationen, coffeinhaltig"],"ratingCount":115,"averageRating":4.77,"attributes":["apothekenpflichtig","Arzneimittel"],"prescriptionMedicine":false,"price":681,"listPrice":972,"netRetailPrice":587,"priceFormatted":"€ 6,81","listPriceFormatted":"€ 9,72","potency":"","ifap":"Das Arzneimittel enthält zwei Wirkstoffe: Ibuprofen und Coffein. Ibuprofen gehört zu einer Gruppe von Arzneimitteln, die nichtsteroidale Antirheumatika (NSAR) genannt werden. NSAR sorgen für Linderung, indem sie die Art und Weise, wie der Körper auf Schmerzen und Fieber reagiert, verändern. Coffein gehört zu einer Gruppe von Arzneimitteln, die Stimulanzien genannt werden. Das Präparat wird zur kurzzeitigen Behandlung von akut auftretenden mäßig starken Schmerzen angewendet. Es ist nur für Erwachsene geeignet. Wenn Sie sich nach 3 Tagen nicht besser oder gar schlechter fühlen, müssen Sie sich an Ihren Arzt wenden.","image":"https://cdn.shop-apotheke.com/images/thomapyrin-tension-duo-400-mg-100-mg-ibuprofen-coffein-filmtabletten-D15420191-p1.jpg","hasImage":true,"deeplink":"arzneimittel/15420191/thomapyrin-tension-duo-400-mg-100-mg-ibuprofen-coffein.htm","applicablePromotions":"","variantDetails":"12551030|15420191|30|18 St|681|arzneimittel/15420191/thomapyrin-tension-duo-400-mg-100-mg-ibuprofen-coffein.htm|product.stockStatus.available","stockStatus":"","stockStatusReason":"product.stockStatus.available","inStock":true,"pricePerUnit":"","discountInPercent":30,"created":1587573128000,"lastChanged":1598609232000,"ratingsLink":"/produktbewertungen/15420191/thomapyrin-tension-duo-400-mg-100-mg-ibuprofen-coffein.htm","ean":"","RPMultiplier":1,"ribbonText":"","primaryCategory":["Die Online-Apotheke für Deutschland","Die Online-Apotheke für Deutschland/Arzneimittel & weitere Produkte ","Die Online-Apotheke für Deutschland/Arzneimittel & weitere Produkte /Schmerzen","Die Online-Apotheke für Deutschland/Arzneimittel & weitere Produkte /Schmerzen/Kopfschmerzen","Die Online-Apotheke für Deutschland/Arzneimittel & weitere Produkte /Schmerzen/Kopfschmerzen/Schmerzmittel mit Koffein"],"topsellerCountBucket":12,"filterAttributes":[],"filterRating":0.23,"packSize":"18 St","variants":[{"id":"12551030","text":"Für stärkere und hartnäckige Schmerzen wie Kopfschmerzen in Verbindung mit Schulter- und Nackenbeschwerden","webDetailPath":"arzneimittel/12551030/thomapyrin-tension-duo-400-mg-100-mg-ibuprofen-coffein.htm","stock":"product.stockStatus.available","active":true,"discount":"25","retailPrice":"290","listPrice":"389","packSize":"6 St","nowProductGroup":"sameday_nextday","attributes":["apothekenpflichtig","Arzneimittel"],"productName":"Thomapyrin® TENSION DUO 400 mg / 100 mg Ibuprofen / Coffein","pricePerUnit":"","imageUrl":"https://cdn.shop-apotheke.com/images/thomapyrin-tension-duo-400-mg-100-mg-ibuprofen-coffein-filmtabletten-D12551030-p1.jpg","pharmaForm":"Filmtabletten","ribbonText":"","RPMultiplier":"1"},{"id":"12551047","text":"Für stärkere und hartnäckige Schmerzen wie Kopfschmerzen in Verbindung mit Schulter- und Nackenbeschwerden","webDetailPath":"arzneimittel/12551047/thomapyrin-tension-duo-400-mg-100-mg-ibuprofen-coffein.htm","stock":"product.stockStatus.available","active":false,"discount":"25","retailPrice":"507","listPrice":"680","packSize":"12 St","nowProductGroup":"sameday_nextday","attributes":["apothekenpflichtig","Arzneimittel"],"productName":"Thomapyrin® TENSION DUO 400 mg / 100 mg Ibuprofen / Coffein","pricePerUnit":"","imageUrl":"https://cdn.shop-apotheke.com/images/thomapyrin-tension-duo-400-mg-100-mg-ibuprofen-coffein-filmtabletten-D12551047-p1.jpg","pharmaForm":"Filmtabletten","ribbonText":"","RPMultiplier":"1"},{"id":"15420191","text":"Zur Anwendung bei akut auftretenden mäßig starken Schmerzen","webDetailPath":"arzneimittel/15420191/thomapyrin-tension-duo-400-mg-100-mg-ibuprofen-coffein.htm","stock":"product.stockStatus.available","active":false,"discount":"30","retailPrice":"681","listPrice":"972","packSize":"18 St","nowProductGroup":"nextday","attributes":["apothekenpflichtig","Arzneimittel"],"productName":"Thomapyrin® TENSION DUO 400 mg / 100 mg Ibuprofen / Coffein","pricePerUnit":"","imageUrl":"https://cdn.shop-apotheke.com/images/thomapyrin-tension-duo-400-mg-100-mg-ibuprofen-coffein-filmtabletten-D15420191-p1.jpg","pharmaForm":"Filmtabletten","ribbonText":"","RPMultiplier":"1"}],"master":false,"marketplace":false,"nowProductGroup":"nextday","notOnStockMessage":"","stockStatusColor":"green","categoryCodes":["csd00001","csd00269","csd02394","csd02401","csd00275","csd00276","csd00278","csd00281","csd00061","csd01059","csd00263","csd01121","csd01434","csd02968","csd03288","root","catalogs","main","landingpages","csd03995","csd03997"],"prices":{"listPrice":{"amount":9.72,"net":8.38,"currency":"EUR","info":{"index":1,"text":"AVP / UVP"}},"retailPrice":{"amount":6.81,"net":5.87,"currency":"EUR","info":{"index":1,"text":"AVP / UVP"}}},"calculatedRatingRanking":4.08,"objectID":"15420191","_highlightResult":{"activeSubstances":[{"value":"Coffein","matchLevel":"none","matchedWords":[]},{"value":"Ibuprofen","matchLevel":"none","matchedWords":[]}]},"_rankingInfo":{"nbTypos":0,"firstMatchedWord":0,"proximityDistance":0,"userScore":118,"geoDistance":0,"geoPrecision":1,"nbExactWords":0,"words":1,"filters":1,"personalization":{"score":0,"rankingScore":0,"filtersScore":0,"textualRelevanceBucket":1,"initialPosition":82,"newPosition":82}}},{"brandCode":"csd03158","pzn":"08101155","productName":"nu3 Premium Magnesium, vegan","secondaryCategories":["Landingpages","Fit in den Frühling","Specials","Neujahrs-Special","Landingpages","Flash Deal Mineralstoffe","Sportlernährstoffe","Magnesium","Markenshops","nu3","Geschenke Themenwelt","Gesundheit schenken","UNSERE ADVENTS-ÜBERASCHUNG EXKLUSIV FÜR UNSERE BESTEN KUNDEN.","Advent 4","Black Friday®","Black Friday RedPoints","Landingpages","Vorsatz: Sport","Neujahrs-Special","RedPoints-Aktion","Landingpages","Adventskalender Türchen 18: nu3 Produkte","Landingpages","Vorsatz: Vitamine & Mineralstoffe","Landingpages","Angebote aus der App-otheke ","Landingpages","Abo Produkte","nu3","nu3 Gesundheit","Supplement Marken","nu3"],"manufacturer":"nu3 GmbH","pharmaForm":"Kapseln","brand":"Nu3","brandIntern":"nu3","subBrandIntern":"","activeSubstances":[],"additiveSubstances":[],"additiveSubstancesHtml":"","descriptionShort":"Vegane Magnesium-Kapseln mit vier unterschiedlichen Verbindungen zur optimalen Versorgung","keywords":["magnesium","muskelkater","premium magnesium","magnesium kapseln"],"unit":"St","unitQuantityString":"120","masterID":"08101155","indicationRanges":[],"ratingCount":34,"averageRating":4.77,"attributes":["vegetarisch","vegan","Lebensmittel","Nahrungsergänzungsmittel","ABO"],"prescriptionMedicine":false,"price":1999,"listPrice":0,"netRetailPrice":1723,"priceFormatted":"€ 19,99","listPriceFormatted":"","potency":"","ifap":"","image":"https://cdn.shop-apotheke.com/images/nu3-premium-magnesium-vegan-kapseln-D08101155-p1.jpg","hasImage":true,"deeplink":"arzneimittel/8101155/nu3-premium-magnesium-vegan.htm","applicablePromotions":"","variantDetails":"08101155|08101155|0|120 St|1999|arzneimittel/8101155/nu3-premium-magnesium-vegan.htm|product.stockStatus.available","stockStatus":"","stockStatusReason":"product.stockStatus.available","inStock":true,"pricePerUnit":"","discountInPercent":0,"created":1533731753000,"lastChanged":1598570949000,"ratingsLink":"/produktbewertungen/8101155/nu3-premium-magnesium-vegan.htm","ean":"4260289441413","RPMultiplier":1,"ribbonText":"","primaryCategory":["Die Online-Apotheke für Deutschland","Die Online-Apotheke für Deutschland/Arzneimittel & weitere Produkte ","Die Online-Apotheke für Deutschland/Arzneimittel & weitere Produkte /Vitamine & Mineralstoffe","Die Online-Apotheke für Deutschland/Arzneimittel & weitere Produkte /Vitamine & Mineralstoffe/Mineralstoffe & Spurenelemente","Die Online-Apotheke für Deutschland/Arzneimittel & weitere Produkte /Vitamine & Mineralstoffe/Mineralstoffe & Spurenelemente/Magnesium"],"topsellerCountBucket":12,"filterAttributes":["vegetarisch","vegan","Lebensmittel","Nahrungsergänzungsmittel","ABO"],"filterRating":0.23,"packSize":"120 St","variants":[{"id":"08101155","text":"Vegane Magnesium-Kapseln mit vier unterschiedlichen Verbindungen zur optimalen Versorgung","webDetailPath":"arzneimittel/8101155/nu3-premium-magnesium-vegan.htm","stock":"product.stockStatus.available","active":true,"discount":"0","retailPrice":"1999","listPrice":"0","packSize":"120 St","nowProductGroup":"sameday_nextday","attributes":["vegetarisch","vegan","Lebensmittel","Nahrungsergänzungsmittel","ABO"],"productName":"nu3 Premium Magnesium, vegan","pricePerUnit":"","imageUrl":"https://cdn.shop-apotheke.com/images/nu3-premium-magnesium-vegan-kapseln-D08101155-p1.jpg","pharmaForm":"Kapseln","ribbonText":"","RPMultiplier":"1"}],"master":true,"marketplace":false,"nowProductGroup":"sameday_nextday","notOnStockMessage":"","stockStatusColor":"green","categoryCodes":["csd00001","csd00324","csd00328","csd00336","csd02764","csd02770","csd01458","csd01434","csd01461","root","catalogs","main","brandshop","csd03207","csd03208","csd03575","csd00283","csd03011","csd03274","landingpages","csd03291","csd03526","csd03623","csd03631","csd03646","csd03645","csd02271","csd03671","csd03684","csd03686","csd03689","csd03690","csd03692","csd03693"],"prices":{"listPrice":null,"retailPrice":{"amount":19.99,"net":17.23,"currency":"EUR","info":{"index":1,"text":"AVP / UVP"}}},"calculatedRatingRanking":3.42,"objectID":"08101155","_rankingInfo":{"nbTypos":0,"firstMatchedWord":0,"proximityDistance":0,"userScore":117,"geoDistance":0,"geoPrecision":1,"nbExactWords":0,"words":1,"filters":1,"personalization":{"score":0,"rankingScore":0,"filtersScore":0,"textualRelevanceBucket":1,"initialPosition":83,"newPosition":83}}},{"brandCode":"csd2775","pzn":"09739474","productName":"Vagisan® FeuchtCreme","secondaryCategories":["Landingpages","SHOP APOTHEKE NOW!"],"manufacturer":"Dr. August Wolff GmbH & Co.KG Arzneimittel","pharmaForm":"Creme","brand":"Vagisan","brandIntern":"Vagisan®","subBrandIntern":"","activeSubstances":["Natrium DL-lactat","Octyldodecanol","Milchsäure"],"additiveSubstances":["Benzylalkohol","Cetylpalmitat","Cetylstearylalkohol","Wasser, gereinigtes","Polysorbat 60","Sorbitan stearat"],"additiveSubstancesHtml":"<ul><li>Benzylalkohol</li><li>Cetylpalmitat</li><li>Cetylstearylalkohol</li><li>Wasser, gereinigtes</li><li>Polysorbat 60</li><li>Sorbitan stearat</li></ul>","descriptionShort":"Zur Linderung der Beschwerden bei Scheidentrockenheit","keywords":["intimfeuchtcreme"],"unit":"g","unitQuantityString":"25","masterID":"09739474","indicationRanges":["Gynäkologika/ Vaginaltherapeutika","Vaginaltherapeutika","Scheidentrockenheit/ Vaginal-Gleitgele"],"ratingCount":128,"averageRating":4.74,"attributes":[],"prescriptionMedicine":false,"price":876,"listPrice":899,"netRetailPrice":755,"priceFormatted":"€ 8,76","listPriceFormatted":"€ 8,99","potency":"","ifap":"","image":"https://cdn.shop-apotheke.com/images/vagisan-feuchtcreme-creme-D09739474-p1.jpg","hasImage":true,"deeplink":"arzneimittel/9739474/vagisan-feuchtcreme.htm","applicablePromotions":"","variantDetails":"09739474|09739474|3|25 g|876|arzneimittel/9739474/vagisan-feuchtcreme.htm|product.stockStatus.available","stockStatus":"","stockStatusReason":"product.stockStatus.available","inStock":true,"pricePerUnit":"35,04 € / 100 g","discountInPercent":3,"created":1445171116000,"lastChanged":1598571537000,"ratingsLink":"/produktbewertungen/9739474/vagisan-feuchtcreme.htm","ean":"4048882191740","RPMultiplier":1,"ribbonText":"","primaryCategory":["Die Online-Apotheke für Deutschland","Die Online-Apotheke für Deutschland/Arzneimittel & weitere Produkte ","Die Online-Apotheke für Deutschland/Arzneimittel & weitere Produkte /Frauengesundheit","Die Online-Apotheke für Deutschland/Arzneimittel & weitere Produkte /Frauengesundheit/Vaginalflora"],"topsellerCountBucket":12,"filterAttributes":[],"filterRating":0.26,"packSize":"25 g","variants":[{"id":"09739474","text":"Zur Linderung der Beschwerden bei Scheidentrockenheit","webDetailPath":"arzneimittel/9739474/vagisan-feuchtcreme.htm","stock":"product.stockStatus.available","active":true,"discount":"3","retailPrice":"876","listPrice":"899","packSize":"25 g","nowProductGroup":"sameday_nextday","attributes":[],"productName":"Vagisan® FeuchtCreme","pricePerUnit":"35,04 € / 100 g","imageUrl":"https://cdn.shop-apotheke.com/images/vagisan-feuchtcreme-creme-D09739474-p1.jpg","pharmaForm":"Creme","ribbonText":"","RPMultiplier":"1"},{"id":"06786786","text":"Zur Linderung der Beschwerden bei Scheidentrockenheit","webDetailPath":"arzneimittel/6786786/vagisan-feuchtcreme.htm","stock":"product.stockStatus.available","active":false,"discount":"13","retailPrice":"1460","listPrice":"1678","packSize":"50 g","nowProductGroup":"sameday_nextday","attributes":[],"productName":"Vagisan® FeuchtCreme","pricePerUnit":"29,20 € / 100 g","imageUrl":"https://cdn.shop-apotheke.com/images/vagisan-feuchtcreme-creme-D06786786-p1.jpg","pharmaForm":"Creme","ribbonText":"","RPMultiplier":"1"}],"master":true,"marketplace":true,"nowProductGroup":"sameday_nextday","notOnStockMessage":"","stockStatusColor":"green","categoryCodes":["csd00001","csd00072","csd01046","root","catalogs","main","landingpages","csd03339"],"prices":{"listPrice":{"amount":8.99,"net":7.75,"currency":"EUR","info":{"index":1,"text":"AVP / UVP"}},"retailPrice":{"amount":8.76,"net":7.55,"currency":"EUR","info":{"index":1,"text":"AVP / UVP"}}},"calculatedRatingRanking":4.11,"objectID":"09739474","_highlightResult":{"activeSubstances":[{"value":"Natrium DL-lactat","matchLevel":"none","matchedWords":[]},{"value":"Octyldodecanol","matchLevel":"none","matchedWords":[]},{"value":"Milchsäure","matchLevel":"none","matchedWords":[]}]},"_rankingInfo":{"nbTypos":0,"firstMatchedWord":0,"proximityDistance":0,"userScore":116,"geoDistance":0,"geoPrecision":1,"nbExactWords":0,"words":1,"filters":1,"personalization":{"score":0,"rankingScore":0,"filtersScore":0,"textualRelevanceBucket":1,"initialPosition":84,"newPosition":84}}},{"brandCode":"csd03158","pzn":"08101162","productName":"nu3 Premium Zink, vegan","secondaryCategories":["Specials","Neujahrs-Special","Erkältung & Grippe","Immunstärkung","Sportlernährstoffe","Zink","Markenshops","nu3","Landingpages","Unsere Topseller","Landingpages","Topseller","Landingpages","Topseller","Geschenke Themenwelt","Gesundheit schenken","UNSERE ADVENTS-ÜBERASCHUNG EXKLUSIV FÜR UNSERE BESTEN KUNDEN.","Advent 3","UNSERE ADVENTS-ÜBERASCHUNG EXKLUSIV FÜR UNSERE BESTEN KUNDEN.","Advent 4","Black Friday®","Black Friday RedPoints","Neujahrs-Special","RedPoints-Aktion","Landingpages","Adventskalender Türchen 18: nu3 Produkte","Landingpages","Vorsatz: Vitamine & Mineralstoffe","Landingpages","Angebote aus der App-otheke ","Landingpages","Abo Produkte","nu3","nu3 Gesundheit","Supplement Marken","nu3","Landingpages","Mai Aktion","Landingpages","Mai Kracher","Landingpages","RedPoints Moonlight Aktion"],"manufacturer":"nu3 GmbH","pharmaForm":"Kapseln","brand":"Nu3","brandIntern":"nu3","subBrandIntern":"","activeSubstances":[],"additiveSubstances":[],"additiveSubstancesHtml":"","descriptionShort":"Vegane Zink-Kapseln mit Vitamin C und L-Histidin für eine optimale Versorgung","keywords":["zink"],"unit":"St","unitQuantityString":"60","masterID":"08101162","indicationRanges":[],"ratingCount":19,"averageRating":4.74,"attributes":["vegetarisch","vegan","Lebensmittel","Nahrungsergänzungsmittel","ABO"],"prescriptionMedicine":false,"price":1999,"listPrice":0,"netRetailPrice":1904,"priceFormatted":"€ 19,99","listPriceFormatted":"","potency":"","ifap":"","image":"https://cdn.shop-apotheke.com/images/nu3-premium-zink-vegan-kapseln-D08101162-p1.jpg","hasImage":true,"deeplink":"arzneimittel/8101162/nu3-premium-zink-vegan.htm","applicablePromotions":"","variantDetails":"08101162|08101162|0|60 St|1999|arzneimittel/8101162/nu3-premium-zink-vegan.htm|product.stockStatus.available","stockStatus":"","stockStatusReason":"product.stockStatus.available","inStock":true,"pricePerUnit":"","discountInPercent":0,"created":1533035116000,"lastChanged":1598570949000,"ratingsLink":"/produktbewertungen/8101162/nu3-premium-zink-vegan.htm","ean":"4260289443288","RPMultiplier":1,"ribbonText":"","primaryCategory":["Die Online-Apotheke für Deutschland","Die Online-Apotheke für Deutschland/Arzneimittel & weitere Produkte ","Die Online-Apotheke für Deutschland/Arzneimittel & weitere Produkte /Vitamine & Mineralstoffe","Die Online-Apotheke für Deutschland/Arzneimittel & weitere Produkte /Vitamine & Mineralstoffe/Mineralstoffe & Spurenelemente","Die Online-Apotheke für Deutschland/Arzneimittel & weitere Produkte /Vitamine & Mineralstoffe/Mineralstoffe & Spurenelemente/Zink"],"topsellerCountBucket":12,"filterAttributes":["vegetarisch","vegan","Lebensmittel","Nahrungsergänzungsmittel","ABO"],"filterRating":0.26,"packSize":"60 St","variants":[{"id":"08101162","text":"Vegane Zink-Kapseln mit Vitamin C und L-Histidin für eine optimale Versorgung","webDetailPath":"arzneimittel/8101162/nu3-premium-zink-vegan.htm","stock":"product.stockStatus.available","active":true,"discount":"0","retailPrice":"1999","listPrice":"0","packSize":"60 St","nowProductGroup":"sameday_nextday","attributes":["vegetarisch","vegan","Lebensmittel","Nahrungsergänzungsmittel","ABO"],"productName":"nu3 Premium Zink, vegan","pricePerUnit":"","imageUrl":"https://cdn.shop-apotheke.com/images/nu3-premium-zink-vegan-kapseln-D08101162-p1.jpg","pharmaForm":"Kapseln","ribbonText":"","RPMultiplier":"1"}],"master":true,"marketplace":false,"nowProductGroup":"sameday_nextday","notOnStockMessage":"","stockStatusColor":"green","categoryCodes":["csd00001","csd00324","csd00328","csd00338","csd00061","csd01049","csd02764","csd02770","csd01458","csd01434","csd01461","root","catalogs","main","brandshop","csd03207","csd03208","landingpages","csd03273","csd03575","csd00283","csd03011","csd03274","csd03516","csd03623","csd03632","csd03646","csd03644","csd03645","csd03647","csd03648","csd02271","csd03671","csd03684","csd03686","csd03690","csd03692","csd03693","csd03995","csd03997"],"prices":{"listPrice":null,"retailPrice":{"amount":19.99,"net":19.04,"currency":"EUR","info":{"index":1,"text":"AVP / UVP"}}},"calculatedRatingRanking":3.12,"objectID":"08101162","_rankingInfo":{"nbTypos":0,"firstMatchedWord":0,"proximityDistance":0,"userScore":115,"geoDistance":0,"geoPrecision":1,"nbExactWords":0,"words":1,"filters":1,"personalization":{"score":0,"rankingScore":0,"filtersScore":0,"textualRelevanceBucket":1,"initialPosition":85,"newPosition":85}}},{"brandCode":"csd03727","pzn":"16197884","productName":"IBU-LYSIN ratiopharm ® ","secondaryCategories":["Landingpages","Gesund durch den Karneval","Erkältung & Grippe","Fiebersenkende Schmerzmittel","Kopfschmerzen","Ibuprofen","Healthy Deals","RedPoints-Aktion"],"manufacturer":"ratiopharm GmbH","pharmaForm":"Filmtabletten","brand":"ratiopharm IBU-LYSIN","brandIntern":"ratiopharm","subBrandIntern":"IBU-LYSIN-ratiopharm®","activeSubstances":["Ibuprofen DL-lysin"],"additiveSubstances":["Croscarmellose natrium","Hypromellose","Siliciumdioxid, hochdisperses","Cellulose, mikrokristalline","Magnesium stearat (pflanzlich)","Macrogol 6000","Glycerol 85%","Talkum"],"additiveSubstancesHtml":"<ul><li>Croscarmellose natrium</li><li>Hypromellose</li><li>Siliciumdioxid, hochdisperses</li><li>Cellulose, mikrokristalline</li><li>Magnesium stearat (pflanzlich)</li><li>Macrogol 6000</li><li>Glycerol 85%</li><li>Talkum</li></ul>","descriptionShort":"Schmerzstillendes und fiebersenkendes Arzneimittel ","keywords":[],"unit":"St","unitQuantityString":"50","masterID":"16197861","indicationRanges":["Analgetika/ Antipyretika","Antipyretisch wirkende Analgetika","Arylpropionsäure-Derivate (Monopräparate)"],"ratingCount":25,"averageRating":4.72,"attributes":["apothekenpflichtig","Arzneimittel"],"prescriptionMedicine":false,"price":1174,"listPrice":1940,"netRetailPrice":1012,"priceFormatted":"€ 11,74","listPriceFormatted":"€ 19,40","potency":"","ifap":"Das Arzneimittel ist ein schmerzstillendes und fiebersenkendes Arzneimittel (nicht-steroidales Antirheumatikum [NSAR]). Es wird angewendet zur symptomatischen Behandlung:von leichten bis mäßig starken Schmerzen wie Kopfschmerzen, Zahnschmerzen, Regelschmerzen der akuten Kopfschmerzphase bei Migräne mit oder ohne Aura von Fieber und Schmerzen im Zusammenhang mit Erkältungen Das Arzneimittel wird angewendet bei Kindern ab 20 kg Körpergewicht (etwa 6 Jahre), Jugendlichen und Erwachsenen.","image":"https://cdn.shop-apotheke.com/images/ibu-lysin-ratiopharm-filmtabletten-D16197884-p1.jpg","hasImage":true,"deeplink":"arzneimittel/16197884/ibu-lysin-ratiopharm.htm","applicablePromotions":"","variantDetails":"16197861|16197884|39|50 St|1174|arzneimittel/16197884/ibu-lysin-ratiopharm.htm|product.stockStatus.available","stockStatus":"","stockStatusReason":"product.stockStatus.available","inStock":true,"pricePerUnit":"","discountInPercent":39,"created":1578042193000,"lastChanged":1598572948000,"ratingsLink":"/produktbewertungen/16197884/ibu-lysin-ratiopharm.htm","ean":"","RPMultiplier":1,"ribbonText":"","primaryCategory":["Die Online-Apotheke für Deutschland","Die Online-Apotheke für Deutschland/Arzneimittel & weitere Produkte ","Die Online-Apotheke für Deutschland/Arzneimittel & weitere Produkte /Schmerzen","Die Online-Apotheke für Deutschland/Arzneimittel & weitere Produkte /Schmerzen/Fiebersenkende Schmerzmittel"],"topsellerCountBucket":12,"filterAttributes":[],"filterRating":0.28,"packSize":"50 St","variants":[{"id":"16197861","text":"Zur Anwendung bei Fieber und leichten mit mäßig starken Kopfschmerzen","webDetailPath":"arzneimittel/16197861/ibu-lysin-ratiopharm-400-mg.htm","stock":"product.stockStatus.available","active":true,"discount":"20","retailPrice":"525","listPrice":"658","packSize":"10 St","nowProductGroup":"sameday_nextday","attributes":["apothekenpflichtig","Arzneimittel"],"productName":"IBU-LYSIN-ratiopharm® 400 mg ","pricePerUnit":"","imageUrl":"https://cdn.shop-apotheke.com/images/ibu-lysin-ratiopharm-400-mg-filmtabletten-D16197861-p1.jpg","pharmaForm":"Filmtabletten","ribbonText":"","RPMultiplier":"1"},{"id":"16197878","text":"Zur Anwendung bei Fieber und leichten mit mäßig starken Kopfschmerzen","webDetailPath":"arzneimittel/16197878/ibu-lysin-ratiopharm-400-mg.htm","stock":"product.stockStatus.available","active":false,"discount":"9","retailPrice":"889","listPrice":"972","packSize":"20 St","nowProductGroup":"sameday_nextday","attributes":["apothekenpflichtig","Arzneimittel"],"productName":"IBU-LYSIN-ratiopharm® 400 mg ","pricePerUnit":"","imageUrl":"https://cdn.shop-apotheke.com/images/ibu-lysin-ratiopharm-400-mg-filmtabletten-D16197878-p1.jpg","pharmaForm":"Filmtabletten","ribbonText":"","RPMultiplier":"1"},{"id":"16197884","text":"Schmerzstillendes und fiebersenkendes Arzneimittel ","webDetailPath":"arzneimittel/16197884/ibu-lysin-ratiopharm.htm","stock":"product.stockStatus.available","active":false,"discount":"39","retailPrice":"1174","listPrice":"1940","packSize":"50 St","nowProductGroup":"sameday_nextday","attributes":["apothekenpflichtig","Arzneimittel"],"productName":"IBU-LYSIN ratiopharm ® ","pricePerUnit":"","imageUrl":"https://cdn.shop-apotheke.com/images/ibu-lysin-ratiopharm-filmtabletten-D16197884-p1.jpg","pharmaForm":"Filmtabletten","ribbonText":"","RPMultiplier":"1"}],"master":false,"marketplace":true,"nowProductGroup":"sameday_nextday","notOnStockMessage":"","stockStatusColor":"green","categoryCodes":["csd00001","csd00269","csd00275","csd00061","csd01059","csd02394","csd02397","csd01434","csd02968","csd03288","root","catalogs","main","landingpages","csd03716"],"prices":{"listPrice":{"amount":19.4,"net":16.72,"currency":"EUR","info":{"index":1,"text":"AVP / UVP"}},"retailPrice":{"amount":11.74,"net":10.12,"currency":"EUR","info":{"index":1,"text":"AVP / UVP"}}},"calculatedRatingRanking":3.24,"objectID":"16197884","_highlightResult":{"activeSubstances":[{"value":"Ibuprofen DL-lysin","matchLevel":"none","matchedWords":[]}]},"_rankingInfo":{"nbTypos":0,"firstMatchedWord":0,"proximityDistance":0,"userScore":114,"geoDistance":0,"geoPrecision":1,"nbExactWords":0,"words":1,"filters":1,"personalization":{"score":0,"rankingScore":0,"filtersScore":0,"textualRelevanceBucket":1,"initialPosition":86,"newPosition":86}}},{"brandCode":"csd2393","pzn":"08472968","productName":"Dulcolax® Dragées Abführmittel","secondaryCategories":["Ratgeber","Verstopfung","Black Friday®","40% und mehr","Specials","Neujahrs-Special","Black Friday®","Wohl durch den Winter","Landingpages","Angebote aus der App-otheke ","Landingpages","SHOP APOTHEKE NOW!","Landingpages","Mai Aktion","Landingpages","Mai Kracher","Healthy Deals","Healthy Deals Gutes Bauchgefühl","Landingpages","Healthy Deals App-Angebote"],"manufacturer":"Sanofi-Aventis Deutschland GmbH GB Selbstmedikation /Consumer-Care","pharmaForm":"Tabletten magensaftresistent","brand":"Dulcolax Dragees","brandIntern":"Dulcolax®","subBrandIntern":"","activeSubstances":["Bisacodyl"],"additiveSubstances":["Magnesium stearat","Rizinusöl, natives","Chinolingelb","Gelborange S","Carnaubawachs","Methacrylsäure-Methylmethacrylat-Copolymer (1:1)","Maisstärke, partiell oxidiert","Methacrylsäure-Methylmethacrylat-Copolymer (1:2)","Saccharose","Maisstärke","Lactose-1-Wasser","Macrogol 6000","Titandioxid","Wachs, gebleichtes","Arabisches Gummi","Glycerol","Talkum"],"additiveSubstancesHtml":"<ul><li>Magnesium stearat</li><li>Rizinusöl, natives</li><li>Chinolingelb</li><li>Gelborange S</li><li>Carnaubawachs</li><li>Methacrylsäure-Methylmethacrylat-Copolymer (1:1)</li><li>Maisstärke, partiell oxidiert</li><li>Methacrylsäure-Methylmethacrylat-Copolymer (1:2)</li><li>Saccharose</li><li>Maisstärke</li><li>Lactose-1-Wasser</li><li>Macrogol 6000</li><li>Titandioxid</li><li>Wachs, gebleichtes</li><li>Arabisches Gummi</li><li>Glycerol</li><li>Talkum</li></ul>","descriptionShort":"Zur kurzfristigen Anwendung bei Darmträgheit und Verstopfung","keywords":["verstopfung","abführen","abführmittel","stuhlgang"],"unit":"St","unitQuantityString":"100","masterID":"08472922","indicationRanges":["Diagnostika","Diagnosebegleitmedikation","Laxantien zur Darmentleerung","Magen-Darm-wirksame Pharmaka","Laxantien","Bisacodyl und sonstige (Monopräparate)"],"ratingCount":186,"averageRating":4.72,"attributes":["apothekenpflichtig","Arzneimittel"],"prescriptionMedicine":false,"price":1382,"listPrice":1850,"netRetailPrice":1191,"priceFormatted":"€ 13,82","listPriceFormatted":"€ 18,50","potency":"","ifap":"Das Präparat ist ein Abführmittel. Die Dragees werden angewendet bei Verstopfung (Obstipation), bei Erkrankungen, die eine erleichterte Darmentleerung erfordern, sowie zur Darmentleerung bei Behandlungsmaßnahmen und Maßnahmen zum Erkennen von Krankheiten (therapeutische und diagnostische Eingriffe) am Darm. Wie andere Abführmittel sollte dieses ohne ärztliche Abklärung der Verstopfungsursache nicht täglich oder über einen längeren Zeitraum eingenommen werden.","image":"https://cdn.shop-apotheke.com/images/dulcolax-dragees-abfuehrmittel-tabletten-magensaftresistent-D08472968-p1.jpg","hasImage":true,"deeplink":"arzneimittel/8472968/dulcolax-dragees-abfuehrmittel.htm","applicablePromotions":"promotion=Extra RedPoints","variantDetails":"08472922|08472968|25|100 St|1382|arzneimittel/8472968/dulcolax-dragees-abfuehrmittel.htm|product.stockStatus.available","stockStatus":"","stockStatusReason":"product.stockStatus.available","inStock":true,"pricePerUnit":"","discountInPercent":25,"created":1445164530000,"lastChanged":1598579595000,"ratingsLink":"/produktbewertungen/8472968/dulcolax-dragees-abfuehrmittel.htm","ean":"","RPMultiplier":10,"ribbonText":"","primaryCategory":["Die Online-Apotheke für Deutschland","Die Online-Apotheke für Deutschland/Arzneimittel & weitere Produkte ","Die Online-Apotheke für Deutschland/Arzneimittel & weitere Produkte /Magen & Darm","Die Online-Apotheke für Deutschland/Arzneimittel & weitere Produkte /Magen & Darm/Verstopfung"],"topsellerCountBucket":12,"filterAttributes":[],"filterRating":0.28,"packSize":"100 St","variants":[{"id":"08472922","text":"Zur kurzfristigen Anwendung bei Verstopfung","webDetailPath":"arzneimittel/8472922/dulcolax-dragees-abfuehrmittel.htm","stock":"product.stockStatus.available","active":true,"discount":"28","retailPrice":"417","listPrice":"582","packSize":"20 St","nowProductGroup":"sameday_nextday","attributes":["apothekenpflichtig","Arzneimittel"],"productName":"Dulcolax® Dragées Abführmittel","pricePerUnit":"","imageUrl":"https://cdn.shop-apotheke.com/images/dulcolax-dragees-abfuehrmittel-tabletten-magensaftresistent-D08472922-p1.jpg","pharmaForm":"Tabletten magensaftresistent","ribbonText":"","RPMultiplier":"10"},{"id":"08472939","text":"Zur kurzfristigen Anwendung bei Darmträgheit und Verstopfung","webDetailPath":"arzneimittel/8472939/dulcolax-dragees-abfuehrmittel.htm","stock":"product.stockStatus.available","active":false,"discount":"28","retailPrice":"695","listPrice":"972","packSize":"40 St","nowProductGroup":"nextday","attributes":["apothekenpflichtig","Arzneimittel"],"productName":"Dulcolax® Dragées Abführmittel","pricePerUnit":"","imageUrl":"https://cdn.shop-apotheke.com/images/dulcolax-dragees-abfuehrmittel-tabletten-magensaftresistent-D08472939-p1.jpg","pharmaForm":"Tabletten magensaftresistent","ribbonText":"","RPMultiplier":"10"},{"id":"08472968","text":"Zur kurzfristigen Anwendung bei Darmträgheit und Verstopfung","webDetailPath":"arzneimittel/8472968/dulcolax-dragees-abfuehrmittel.htm","stock":"product.stockStatus.available","active":false,"discount":"25","retailPrice":"1382","listPrice":"1850","packSize":"100 St","nowProductGroup":"sameday_nextday","attributes":["apothekenpflichtig","Arzneimittel"],"productName":"Dulcolax® Dragées Abführmittel","pricePerUnit":"","imageUrl":"https://cdn.shop-apotheke.com/images/dulcolax-dragees-abfuehrmittel-tabletten-magensaftresistent-D08472968-p1.jpg","pharmaForm":"Tabletten magensaftresistent","ribbonText":"","RPMultiplier":"10"},{"id":"06800196","text":"Zur kurzfristigen Anwendung bei Darmträgheit und Verstopfung","webDetailPath":"arzneimittel/6800196/dulcolax-dragees-dose-abfuehrmittel.htm","stock":"product.stockStatus.available","active":false,"discount":"24","retailPrice":"1401","listPrice":"1850","packSize":"100 St","nowProductGroup":"sameday_nextday","attributes":["apothekenpflichtig","Arzneimittel"],"productName":"Dulcolax® Dragées Dose Abführmittel","pricePerUnit":"","imageUrl":"https://cdn.shop-apotheke.com/images/dulcolax-dragees-dose-abfuehrmittel-tabletten-magensaftresistent-D06800196-p1.jpg","pharmaForm":"Tabletten magensaftresistent","ribbonText":"","RPMultiplier":"10"}],"master":false,"marketplace":false,"nowProductGroup":"sameday_nextday","notOnStockMessage":"","stockStatusColor":"green","categoryCodes":["csd00001","csd00219","csd00232","csd01434","csd01461","csd02271","csd02272","root","catalogs","main","themeshop","csd02993","landingpages","csd03339","csd03461","csd02968","csd03568","csd03668","csd03684","csd03995","csd03997"],"prices":{"listPrice":{"amount":18.5,"net":15.95,"currency":"EUR","info":{"index":1,"text":"AVP / UVP"}},"retailPrice":{"amount":13.82,"net":11.91,"currency":"EUR","info":{"index":1,"text":"AVP / UVP"}}},"calculatedRatingRanking":4.25,"objectID":"08472968","_highlightResult":{"activeSubstances":[{"value":"Bisacodyl","matchLevel":"none","matchedWords":[]}]},"_rankingInfo":{"nbTypos":0,"firstMatchedWord":0,"proximityDistance":0,"userScore":113,"geoDistance":0,"geoPrecision":1,"nbExactWords":0,"words":1,"filters":1,"personalization":{"score":0,"rankingScore":0,"filtersScore":0,"textualRelevanceBucket":1,"initialPosition":87,"newPosition":87}}},{"brandCode":"csd2521","pzn":"10832865","productName":"Kytta® Schmerzsalbe","secondaryCategories":["Kytta<sup>®</sup>","Kytta® Schmerzsalbe","Pflanzlich","Schmerzen","Muskeln, Knochen & Gelenke","Gelenkschmerzen","Black Friday®","40% und mehr","Sportverletzung","Schmerzgel","Landingpages","NOW! Schmerzen","Landingpages","Topseller","UNSERE ADVENTS-ÜBERASCHUNG EXKLUSIV FÜR UNSERE BESTEN KUNDEN.","Advent 3","UNSERE ADVENTS-ÜBERASCHUNG EXKLUSIV FÜR UNSERE BESTEN KUNDEN.","Advent 2","Landingpages","SHOP APOTHEKE NOW!","Landingpages","Abo Produkte"],"manufacturer":"P&G Health Germany GmbH","pharmaForm":"Salbe","brand":"Kytta Salbe","brandIntern":"Kytta®","subBrandIntern":"","activeSubstances":["Beinwellwurzel-Fluidextrakt (1:2); Auszugsmittel: Ethanol 60% (V/V)"],"additiveSubstances":["Phenonip","Cetylstearylalkohol","PPG-1-PEG-9 lauryl glycol ether","Glycerolmonostearat","Parfümöl Spezial PH 032791","Natriumhydroxid zur pH-Wert-Einstellung","Wasser, gereinigtes","Natriumdodecylsulfat","Rosmarinöl","Erdnussöl","Lavendelöl","Fichtennadelöl"],"additiveSubstancesHtml":"<ul><li>Phenonip</li><li>Cetylstearylalkohol</li><li>PPG-1-PEG-9 lauryl glycol ether</li><li>Glycerolmonostearat</li><li>Parfümöl Spezial PH 032791</li><li>Natriumhydroxid zur pH-Wert-Einstellung</li><li>Wasser, gereinigtes</li><li>Natriumdodecylsulfat</li><li>Rosmarinöl</li><li>Erdnussöl</li><li>Lavendelöl</li><li>Fichtennadelöl</li></ul>","descriptionShort":"Zur Anwendung gegen Schmerzen, Schwellungen und Entzündungen","keywords":["prellungen","gelenkschmerzen","muskelschmerzen","rückenschmerzen","schmerzen","kytta"],"unit":"g","unitQuantityString":"150","masterID":"10832842","indicationRanges":["Antirheumatika/ Antiphlogistika","Phytopharmaka","Degenerative Erkrankungen: Externa","Sportverletzungen: Externa"],"ratingCount":295,"averageRating":4.7,"attributes":["apothekenpflichtig","pflanzlich","Arzneimittel","ABO"],"prescriptionMedicine":false,"price":1490,"listPrice":2144,"netRetailPrice":1284,"priceFormatted":"€ 14,90","listPriceFormatted":"€ 21,44","potency":"","ifap":"Das Präparat ist ein Arzneimittel zur äußerlichen Behandlung von Schmerzen und Schwellungen bei Kniegelenksarthrose degenerativen Ursprungs; akuten Muskelschmerzen (Myalgien) im Bereich des Rückens; Verstauchungen, Prellungen und Zerrungen nach Sport- und Unfallverletzungen. Der in dem Arzneimittel enthaltene Wirkstoff Beinwellwurzel-Fluidextrakt dient zur äußerlichen Anwendung gegen Entzündungen, Schwellungen und Schmerzen.","image":"https://cdn.shop-apotheke.com/images/kytta-schmerzsalbe-salbe-D10832865-p1.jpg","hasImage":true,"deeplink":"arzneimittel/10832865/kytta-schmerzsalbe.htm","applicablePromotions":"","variantDetails":"10832842|10832865|31|150 g|1490|arzneimittel/10832865/kytta-schmerzsalbe.htm|product.stockStatus.available","stockStatus":"","stockStatusReason":"product.stockStatus.available","inStock":true,"pricePerUnit":"9,93 € / 100 g","discountInPercent":31,"created":1445168152000,"lastChanged":1598578236000,"ratingsLink":"/produktbewertungen/10832865/kytta-schmerzsalbe.htm","ean":"","RPMultiplier":1,"ribbonText":"","primaryCategory":["Die Online-Apotheke für Deutschland","Die Online-Apotheke für Deutschland/Arzneimittel & weitere Produkte ","Die Online-Apotheke für Deutschland/Arzneimittel & weitere Produkte /Schmerzen","Die Online-Apotheke für Deutschland/Arzneimittel & weitere Produkte /Schmerzen/Äußerliche Anwendung","Die Online-Apotheke für Deutschland/Arzneimittel & weitere Produkte /Schmerzen/Äußerliche Anwendung/Schmerzgele & -salben"],"topsellerCountBucket":12,"filterAttributes":["pflanzlich","ABO"],"filterRating":0.3,"packSize":"150 g","variants":[{"id":"10832842","text":"Zur Anwendung gegen Schmerzen, Schwellungen und Entzündungen","webDetailPath":"arzneimittel/10832842/kytta-schmerzsalbe.htm","stock":"product.stockStatus.available","active":true,"discount":"29","retailPrice":"651","listPrice":"923","packSize":"50 g","nowProductGroup":"nextday","attributes":["apothekenpflichtig","pflanzlich","Arzneimittel","ABO"],"productName":"Kytta® Schmerzsalbe","pricePerUnit":"13,02 € / 100 g","imageUrl":"https://cdn.shop-apotheke.com/images/kytta-schmerzsalbe-salbe-D10832842-p1.jpg","pharmaForm":"Salbe","ribbonText":"","RPMultiplier":"1"},{"id":"10832859","text":"Zur Anwendung gegen Schmerzen, Schwellungen und Entzündungen","webDetailPath":"arzneimittel/10832859/kytta-schmerzsalbe.htm","stock":"product.stockStatus.available","active":false,"discount":"28","retailPrice":"1221","listPrice":"1703","packSize":"100 g","nowProductGroup":"nextday","attributes":["apothekenpflichtig","pflanzlich","Arzneimittel","ABO"],"productName":"Kytta® Schmerzsalbe","pricePerUnit":"12,21 € / 100 g","imageUrl":"https://cdn.shop-apotheke.com/images/kytta-schmerzsalbe-salbe-D10832859-p1.jpg","pharmaForm":"Salbe","ribbonText":"","RPMultiplier":"1"},{"id":"10832865","text":"Zur Anwendung gegen Schmerzen, Schwellungen und Entzündungen","webDetailPath":"arzneimittel/10832865/kytta-schmerzsalbe.htm","stock":"product.stockStatus.available","active":false,"discount":"31","retailPrice":"1490","listPrice":"2144","packSize":"150 g","nowProductGroup":"sameday_nextday","attributes":["apothekenpflichtig","pflanzlich","Arzneimittel","ABO"],"productName":"Kytta® Schmerzsalbe","pricePerUnit":"9,93 € / 100 g","imageUrl":"https://cdn.shop-apotheke.com/images/kytta-schmerzsalbe-salbe-D10832865-p1.jpg","pharmaForm":"Salbe","ribbonText":"","RPMultiplier":"1"},{"id":"08095676","text":"Zur Anwendung bei Muskel-, Gelenk- und Rückenschmerzen","webDetailPath":"arzneimittel/8095676/kytta-schmerzsalbe.htm","stock":"product.stockStatus.available","active":false,"discount":"38","retailPrice":"2659","listPrice":"4288","packSize":"2x150 g","nowProductGroup":"sameday_nextday","attributes":["apothekenpflichtig","Arzneimittel","ABO"],"productName":"Kytta® Schmerzsalbe","pricePerUnit":"88,63 € / kg","imageUrl":"https://cdn.shop-apotheke.com/images/kytta-schmerzsalbe-salbe-D08095676-p1.jpg","pharmaForm":"Salbe","ribbonText":"Sparset","RPMultiplier":"1"}],"master":false,"marketplace":true,"nowProductGroup":"sameday_nextday","notOnStockMessage":"","stockStatusColor":"green","categoryCodes":["csd00001","csd00269","csd00271","csd00274","csd00850","csd00851","csd00884","csd00904","csd00263","csd01121","root","catalogs","main","brandshop","csd01374","csd01472","csd01434","csd02271","csd02272","csd03575","csd00283","csd03626","csd02283","landingpages","csd03339","csd03475","csd03646","csd03643","csd03644","csd03648","csd03692"],"prices":{"listPrice":{"amount":21.44,"net":18.48,"currency":"EUR","info":{"index":1,"text":"AVP / UVP"}},"retailPrice":{"amount":14.9,"net":12.84,"currency":"EUR","info":{"index":1,"text":"AVP / UVP"}}},"calculatedRatingRanking":4.38,"objectID":"10832865","_highlightResult":{"activeSubstances":[{"value":"Beinwellwurzel-Fluidextrakt (1:2); <ais-highlight-0000000000>A</ais-highlight-0000000000>uszugsmittel: Ethanol 60% (V/V)","matchLevel":"full","fullyHighlighted":false,"matchedWords":["a"]}]},"_rankingInfo":{"nbTypos":0,"firstMatchedWord":0,"proximityDistance":0,"userScore":112,"geoDistance":0,"geoPrecision":1,"nbExactWords":0,"words":1,"filters":1,"personalization":{"score":0,"rankingScore":0,"filtersScore":0,"textualRelevanceBucket":1,"initialPosition":88,"newPosition":88}}},{"brandCode":"csd2412","pzn":"15200029","productName":"Femibion® 2 Schwangerschaft","secondaryCategories":["Markenshops","Femibion®","Black Friday®","Black Friday RedPoints","Valentinstag-Special","Zeit für Liebe","Geschenke für Sie & Ihn","Geschenke für Sie","Specials","Muttertags-Special","Valentinstag-Special","Valentinstagsgeschenke für Frauen","Oster-Special","Geschenke für Sie","Redirects","Geschenke für die Dame","Muttertags-Special","Muttertags-Geschenke","Landingpages","SHOP APOTHEKE NOW!","Landingpages","Abo Produkte"],"manufacturer":"P&G Health Germany GmbH","pharmaForm":"Tagesportionen","brand":"Femibion","brandIntern":"Femibion®","subBrandIntern":"","activeSubstances":["Folsäure","Calcium-L-methyltetrahydrofolat","Kaliumiodid","Natriumselenat","Nicotinamid","Biotin","Cyanocobalamin","Eisen(II)-bisglycinat","Magnesiumoxid","Fischöl, Omega-3-Säuren-reiches","Lutein","Calcium ascorbat","Colecalciferol","Riboflavin","Calcium pantothenat","Zinkoxid","Pyridoxin hydrochlorid","DL-α-Tocopherol acetat","DL-α-Tocopherol acetat","Thiamin nitrat"],"additiveSubstances":["Croscarmellose","Hyprolose","Maltodextrin","Hypromellose","Stark tocopherolhaltige Extrakte natürlichen Ursprungs","Glycerol(mono/di)speisefettsäureester","Tricalciumphosphat","Cellulose, mikrokristalline","Stärke, modifiziert","Speisefettsäuren, Magnesiumsalze","Gelatine vom Fisch","Speisefettsäuren","Stärke","Safloröl","Saccharose","Citronensäure","Lecithin","Macrogol","Poly(vinylalkohol)","Glycerol","Calciumcarbonat","Talkum"],"additiveSubstancesHtml":"<ul><li>Croscarmellose</li><li>Hyprolose</li><li>Maltodextrin</li><li>Hypromellose</li><li>Stark tocopherolhaltige Extrakte natürlichen Ursprungs</li><li>Glycerol(mono/di)speisefettsäureester</li><li>Tricalciumphosphat</li><li>Cellulose, mikrokristalline</li><li>Stärke, modifiziert</li><li>Speisefettsäuren, Magnesiumsalze</li><li>Gelatine vom Fisch</li><li>Speisefettsäuren</li><li>Stärke</li><li>Safloröl</li><li>Saccharose</li><li>Citronensäure</li><li>Lecithin</li><li>Macrogol</li><li>Poly(vinylalkohol)</li><li>Glycerol</li><li>Calciumcarbonat</li><li>Talkum</li></ul>","descriptionShort":"Ab der 13. Woche der Schwangerschaft - mit  Folsäure, DHA, Magnesium, Jod und weiteren Vitaminen & Miteralstoffen","keywords":[],"unit":"St","unitQuantityString":"84","masterID":"15199993","indicationRanges":["Vitamine","Multivitamine","Kombinationen mit Mineralstoffen"],"ratingCount":98,"averageRating":4.69,"attributes":["Lebensmittel","Nahrungsergänzungsmittel","ABO"],"prescriptionMedicine":false,"price":6573,"listPrice":8291,"netRetailPrice":6260,"priceFormatted":"€ 65,73","listPriceFormatted":"€ 82,91","potency":"","ifap":"","image":"https://cdn.shop-apotheke.com/images/femibion-2-schwangerschaft-tagesportionen-D15200029-p1.jpg","hasImage":true,"deeplink":"baby/15200029/femibion-2-schwangerschaft.htm","applicablePromotions":"","variantDetails":"15199993|15200029|21|84 St|6573|baby/15200029/femibion-2-schwangerschaft.htm|product.stockStatus.available","stockStatus":"","stockStatusReason":"product.stockStatus.available","inStock":true,"pricePerUnit":"","discountInPercent":21,"created":1570525331000,"lastChanged":1598591466000,"ratingsLink":"/produktbewertungen/15200029/femibion-2-schwangerschaft.htm","ean":"4054839695902","RPMultiplier":1,"ribbonText":"","primaryCategory":["Die Online-Apotheke für Deutschland","Die Online-Apotheke für Deutschland/Baby & Familie","Die Online-Apotheke für Deutschland/Baby & Familie/Schwangerschaft & Stillzeit","Die Online-Apotheke für Deutschland/Baby & Familie/Schwangerschaft & Stillzeit/Nahrungsergänzungsmittel"],"topsellerCountBucket":12,"filterAttributes":["Lebensmittel","Nahrungsergänzungsmittel","ABO"],"filterRating":0.31,"packSize":"84 St","variants":[{"id":"15199993","text":"Ab der 13. Woche der Schwangerschaft - mit  Folsäure, DHA, Magnesium, Jod und weiteren Vitaminen & Miteralstoffen","webDetailPath":"baby/15199993/femibion-2-schwangerschaft.htm","stock":"product.stockStatus.available","active":true,"discount":"23","retailPrice":"2798","listPrice":"3630","packSize":"28 St","nowProductGroup":"sameday_nextday","attributes":["Lebensmittel","Nahrungsergänzungsmittel","ABO"],"productName":"Femibion® 2 Schwangerschaft","pricePerUnit":"","imageUrl":"https://cdn.shop-apotheke.com/images/femibion-2-schwangerschaft-tagesportionen-D15199993-p1.jpg","pharmaForm":"Tagesportionen","ribbonText":"","RPMultiplier":"1"},{"id":"15200012","text":"Ab der 13. Woche der Schwangerschaft - mit  Folsäure, DHA, Magnesium, Jod und weiteren Vitaminen & Miteralstoffen","webDetailPath":"baby/15200012/femibion-2-schwangerschaft.htm","stock":"product.stockStatus.available","active":false,"discount":"18","retailPrice":"5111","listPrice":"6230","packSize":"56 St","nowProductGroup":"sameday_nextday","attributes":["Lebensmittel","Nahrungsergänzungsmittel","ABO"],"productName":"Femibion® 2 Schwangerschaft","pricePerUnit":"","imageUrl":"https://cdn.shop-apotheke.com/images/femibion-2-schwangerschaft-tagesportionen-D15200012-p1.jpg","pharmaForm":"Tagesportionen","ribbonText":"","RPMultiplier":"1"},{"id":"15200029","text":"Ab der 13. Woche der Schwangerschaft - mit  Folsäure, DHA, Magnesium, Jod und weiteren Vitaminen & Miteralstoffen","webDetailPath":"baby/15200029/femibion-2-schwangerschaft.htm","stock":"product.stockStatus.available","active":false,"discount":"21","retailPrice":"6573","listPrice":"8291","packSize":"84 St","nowProductGroup":"sameday_nextday","attributes":["Lebensmittel","Nahrungsergänzungsmittel","ABO"],"productName":"Femibion® 2 Schwangerschaft","pricePerUnit":"","imageUrl":"https://cdn.shop-apotheke.com/images/femibion-2-schwangerschaft-tagesportionen-D15200029-p1.jpg","pharmaForm":"Tagesportionen","ribbonText":"","RPMultiplier":"1"},{"id":"15200035","text":"Ab der 13. Woche der Schwangerschaft - mit  Folsäure, DHA, Magnesium, Jod und weiteren Vitaminen & Miteralstoffen","webDetailPath":"baby/15200035/femibion-2-schwangerschaft.htm","stock":"product.stockStatus.nl","active":false,"discount":"30","retailPrice":"6867","listPrice":"9812","packSize":"112 St","nowProductGroup":"nextday","attributes":["Lebensmittel","Nahrungsergänzungsmittel","ABO"],"productName":"Femibion® 2 Schwangerschaft","pricePerUnit":"","imageUrl":"https://cdn.shop-apotheke.com/images/femibion-2-schwangerschaft-tagesportionen-D15200035-p1.jpg","pharmaForm":"Tagesportionen","ribbonText":"","RPMultiplier":"1"}],"master":false,"marketplace":true,"nowProductGroup":"sameday_nextday","notOnStockMessage":"","stockStatusColor":"green","categoryCodes":["csd00362","csd00391","csd00344","csd02320","csd01439","csd00001","csd01434","csd01450","csd02352","csd02369","csd02764","csd01447","csd02765","csd01435","csd02959","csd03055","root","catalogs","main","landingpages","csd03339","brandshop","csd03491","csd02271","csd03671","csd03692","csd03697"],"prices":{"listPrice":{"amount":82.91,"net":78.96,"currency":"EUR","info":{"index":1,"text":"AVP / UVP"}},"retailPrice":{"amount":65.73,"net":62.6,"currency":"EUR","info":{"index":1,"text":"AVP / UVP"}}},"calculatedRatingRanking":3.95,"objectID":"15200029","_highlightResult":{"activeSubstances":[{"value":"Folsäure","matchLevel":"none","matchedWords":[]},{"value":"Calcium-L-methyltetrahydrofolat","matchLevel":"none","matchedWords":[]},{"value":"Kaliumiodid","matchLevel":"none","matchedWords":[]},{"value":"Natriumselenat","matchLevel":"none","matchedWords":[]},{"value":"Nicotinamid","matchLevel":"none","matchedWords":[]},{"value":"Biotin","matchLevel":"none","matchedWords":[]},{"value":"Cyanocobalamin","matchLevel":"none","matchedWords":[]},{"value":"Eisen(II)-bisglycinat","matchLevel":"none","matchedWords":[]},{"value":"Magnesiumoxid","matchLevel":"none","matchedWords":[]},{"value":"Fischöl, Omega-3-Säuren-reiches","matchLevel":"none","matchedWords":[]},{"value":"Lutein","matchLevel":"none","matchedWords":[]},{"value":"Calcium <ais-highlight-0000000000>a</ais-highlight-0000000000>scorbat","matchLevel":"full","fullyHighlighted":false,"matchedWords":["a"]},{"value":"Colecalciferol","matchLevel":"none","matchedWords":[]},{"value":"Riboflavin","matchLevel":"none","matchedWords":[]},{"value":"Calcium pantothenat","matchLevel":"none","matchedWords":[]},{"value":"Zinkoxid","matchLevel":"none","matchedWords":[]},{"value":"Pyridoxin hydrochlorid","matchLevel":"none","matchedWords":[]},{"value":"DL-α-Tocopherol <ais-highlight-0000000000>a</ais-highlight-0000000000>cetat","matchLevel":"full","fullyHighlighted":false,"matchedWords":["a"]},{"value":"DL-α-Tocopherol <ais-highlight-0000000000>a</ais-highlight-0000000000>cetat","matchLevel":"full","fullyHighlighted":false,"matchedWords":["a"]},{"value":"Thiamin nitrat","matchLevel":"none","matchedWords":[]}]},"_rankingInfo":{"nbTypos":0,"firstMatchedWord":0,"proximityDistance":0,"userScore":111,"geoDistance":0,"geoPrecision":1,"nbExactWords":0,"words":1,"filters":1,"personalization":{"score":0,"rankingScore":0,"filtersScore":0,"textualRelevanceBucket":1,"initialPosition":89,"newPosition":89}}},{"brandCode":"","pzn":"14290065","productName":"Pascoflair®","secondaryCategories":["Beruhigung, Schlaf & Nerven","Pflanzliche Produkte","Beruhigung, Schlaf & Nerven","Beruhigung & Schlaf","Landingpages","SHOP APOTHEKE NOW!","Geschenke für Sie & Ihn","Geschenke für Sie","Specials","Muttertags-Special","Valentinstag-Special","Valentinstagsgeschenke für Frauen","Oster-Special","Geschenke für Sie","Redirects","Geschenke für die Dame","Muttertags-Special","Muttertags-Geschenke","Landingpages","RedPoints Moonlight Aktion"],"manufacturer":"Pascoe pharmazeutische Präparate GmbH","pharmaForm":"Überzogene Tabletten","brand":"","brandIntern":"Pascoe","subBrandIntern":"Pascoflair®","activeSubstances":["Passionsblumen-Trockenextrakt (5-7:1); Auszugsmittel: Ethanol 50% (V/V)"],"additiveSubstances":["Stearinsäure","Croscarmellose natrium","Maltodextrin","Hypromellose","Carnaubawachs","Eisen(III)-oxidhydrat, gelb","Siliciumdioxid, hochdisperses","Cellulosepulver","Glucosesirup-Trockensubstanz","Magnesium stearat (pflanzlich)","Saccharose","Tragant","Schellack","Titandioxid","Wachs, gebleichtes","Arabisches Gummi","Calciumcarbonat","Talkum"],"additiveSubstancesHtml":"<ul><li>Stearinsäure</li><li>Croscarmellose natrium</li><li>Maltodextrin</li><li>Hypromellose</li><li>Carnaubawachs</li><li>Eisen(III)-oxidhydrat, gelb</li><li>Siliciumdioxid, hochdisperses</li><li>Cellulosepulver</li><li>Glucosesirup-Trockensubstanz</li><li>Magnesium stearat (pflanzlich)</li><li>Saccharose</li><li>Tragant</li><li>Schellack</li><li>Titandioxid</li><li>Wachs, gebleichtes</li><li>Arabisches Gummi</li><li>Calciumcarbonat</li><li>Talkum</li></ul>","descriptionShort":"Pflanzliches Arzneimittel zur Beruhigung bei nervösen Unruhezuständen","keywords":[],"unit":"St","unitQuantityString":"90","masterID":"11038052","indicationRanges":["Hypnotika/ Sedativa","Phytopharmaka","Baldrianfreie Zubereitungen"],"ratingCount":64,"averageRating":4.69,"attributes":["apothekenpflichtig","pflanzlich","Arzneimittel"],"prescriptionMedicine":false,"price":2323,"listPrice":2883,"netRetailPrice":2003,"priceFormatted":"€ 23,23","listPriceFormatted":"€ 28,83","potency":"","ifap":"Dieses Präparat ist ein pflanzliches Arzneimittel zur Anwendung bei nervösen Unruhezuständen.","image":"https://cdn.shop-apotheke.com/images/pascoflair-ueberzogene-tabletten-D14290065-p1.jpg","hasImage":true,"deeplink":"arzneimittel/14290065/pascoflair.htm","applicablePromotions":"","variantDetails":"11038052|14290065|19|90 St|2323|arzneimittel/14290065/pascoflair.htm|product.stockStatus.available","stockStatus":"","stockStatusReason":"product.stockStatus.available","inStock":true,"pricePerUnit":"","discountInPercent":19,"created":1560499278000,"lastChanged":1598572690000,"ratingsLink":"/produktbewertungen/14290065/pascoflair.htm","ean":"","RPMultiplier":1,"ribbonText":"","primaryCategory":["Die Online-Apotheke für Deutschland","Die Online-Apotheke für Deutschland/Homöopathie & Naturprodukte","Die Online-Apotheke für Deutschland/Homöopathie & Naturprodukte/Anwendungsgebiete","Die Online-Apotheke für Deutschland/Homöopathie & Naturprodukte/Anwendungsgebiete/Pflanzlich","Die Online-Apotheke für Deutschland/Homöopathie & Naturprodukte/Anwendungsgebiete/Pflanzlich/Beruhigung, Schlaf & Nerven"],"topsellerCountBucket":12,"filterAttributes":["pflanzlich"],"filterRating":0.31,"packSize":"90 St","variants":[{"id":"11038052","text":"Pflanzliches Arzneimittel zur Beruhigung bei nervösen Unruhezuständen","webDetailPath":"arzneimittel/11038052/pascoflair.htm","stock":"product.stockStatus.available","active":true,"discount":"31","retailPrice":"896","listPrice":"1304","packSize":"30 St","nowProductGroup":"sameday_nextday","attributes":["apothekenpflichtig","pflanzlich","Arzneimittel"],"productName":"Pascoflair®","pricePerUnit":"","imageUrl":"https://cdn.shop-apotheke.com/images/pascoflair-ueberzogene-tabletten-D11038052-p1.jpg","pharmaForm":"Überzogene Tabletten","ribbonText":"","RPMultiplier":"1"},{"id":"14290065","text":"Pflanzliches Arzneimittel zur Beruhigung bei nervösen Unruhezuständen","webDetailPath":"arzneimittel/14290065/pascoflair.htm","stock":"product.stockStatus.available","active":false,"discount":"19","retailPrice":"2323","listPrice":"2883","packSize":"90 St","nowProductGroup":"sameday_nextday","attributes":["apothekenpflichtig","pflanzlich","Arzneimittel"],"productName":"Pascoflair®","pricePerUnit":"","imageUrl":"https://cdn.shop-apotheke.com/images/pascoflair-ueberzogene-tabletten-D14290065-p1.jpg","pharmaForm":"Überzogene Tabletten","ribbonText":"","RPMultiplier":"1"}],"master":false,"marketplace":true,"nowProductGroup":"sameday_nextday","notOnStockMessage":"","stockStatusColor":"green","categoryCodes":["csd00850","csd00851","csd00884","csd00886","csd00001","csd00034","csd00035","csd02320","csd01439","csd01434","csd01450","csd01912","csd02352","csd02369","csd02764","csd01447","csd02765","csd01435","csd02959","csd03055","root","catalogs","main","landingpages","csd03339","csd03516"],"prices":{"listPrice":{"amount":28.83,"net":24.85,"currency":"EUR","info":{"index":1,"text":"AVP / UVP"}},"retailPrice":{"amount":23.23,"net":20.03,"currency":"EUR","info":{"index":1,"text":"AVP / UVP"}}},"calculatedRatingRanking":3.73,"objectID":"14290065","_highlightResult":{"activeSubstances":[{"value":"Passionsblumen-Trockenextrakt (5-7:1); <ais-highlight-0000000000>A</ais-highlight-0000000000>uszugsmittel: Ethanol 50% (V/V)","matchLevel":"full","fullyHighlighted":false,"matchedWords":["a"]}]},"_rankingInfo":{"nbTypos":0,"firstMatchedWord":0,"proximityDistance":0,"userScore":110,"geoDistance":0,"geoPrecision":1,"nbExactWords":0,"words":1,"filters":1,"personalization":{"score":0,"rankingScore":0,"filtersScore":0,"textualRelevanceBucket":1,"initialPosition":90,"newPosition":90}}},{"brandCode":"csd04381","pzn":"08032927","productName":"GAVISCON® Dual 500 mg / 213 mg / 325 mg Suspension Sparset","secondaryCategories":["Geschenke Themenwelt","Gesundheit schenken","Geschenke nach Budget","Geschenke bis 30 Euro","Black Friday®","30% und mehr","Black Friday®","Super Deals","Landingpages","NOW! Reiseapotheke","Hausapotheke","% Hausapotheke Spar-Sets %","Landingpages","Gesund durch den Karneval","Landingpages","Weltgesundheitstag: Hausapotheke","Landingpages","SHOP APOTHEKE NOW!","Healthy Deals","Healthy Deals Reiseapotheke","Healthy Deals","Healthy Deals Aktionsprodukte","Healthy Deals","Healthy Deals Gutes Bauchgefühl","Landingpages","Healthy Deals App-Angebote"],"manufacturer":"Reckitt Benckiser Deutschland GmbH","pharmaForm":"Suspension","brand":"Gaviscon Dual","brandIntern":"GAVISCON","subBrandIntern":"Dual","activeSubstances":[],"additiveSubstances":[],"additiveSubstancesHtml":"","descriptionShort":"Neutralisiert überschüssige Magensäure und lindert damit Schmerzen und Beschwerden","keywords":["magen","gaviscon set"],"unit":"ml","unitQuantityString":"48x10","masterID":"04363828","indicationRanges":[],"ratingCount":71,"averageRating":4.69,"attributes":["apothekenpflichtig","Arzneimittel"],"prescriptionMedicine":false,"price":2179,"listPrice":3254,"netRetailPrice":1878,"priceFormatted":"€ 21,79","listPriceFormatted":"€ 32,54","potency":"","ifap":"","image":"https://cdn.shop-apotheke.com/images/gaviscon-dual-500-mg-213-mg-325-mg-suspension-sparset-suspension-D08032927-p1.jpg","hasImage":true,"deeplink":"arzneimittel/8032927/gaviscon-dual-500-mg-213-mg-325-mg-suspension-sparset.htm","applicablePromotions":"promotion=Sparsets","variantDetails":"04363828|08032927|33|48x10 ml|2179|arzneimittel/8032927/gaviscon-dual-500-mg-213-mg-325-mg-suspension-sparset.htm|product.stockStatus.available","stockStatus":"","stockStatusReason":"product.stockStatus.available","inStock":true,"pricePerUnit":"45,40 € / l","discountInPercent":33,"created":1445165100000,"lastChanged":1598570886000,"ratingsLink":"/produktbewertungen/8032927/gaviscon-dual-500-mg-213-mg-325-mg-suspension-sparset.htm","ean":"","RPMultiplier":1,"ribbonText":"Sparset","primaryCategory":["Die Online-Apotheke für Deutschland","Die Online-Apotheke für Deutschland/Arzneimittel & weitere Produkte ","Die Online-Apotheke für Deutschland/Arzneimittel & weitere Produkte /Magen & Darm","Die Online-Apotheke für Deutschland/Arzneimittel & weitere Produkte /Magen & Darm/Sodbrennen"],"topsellerCountBucket":12,"filterAttributes":[],"filterRating":0.31,"packSize":"48x10 ml","variants":[{"id":"04363828","text":"Neutralisiert überschüssige Magensäure und lindert damit Schmerzen und Beschwerden","webDetailPath":"arzneimittel/4363828/gaviscon-dual-500-mg-213-mg-325-mg-bei-sodbrennen.htm","stock":"product.stockStatus.available","active":true,"discount":"24","retailPrice":"702","listPrice":"918","packSize":"12X10 ml","nowProductGroup":"sameday_nextday","attributes":["apothekenpflichtig","Arzneimittel"],"productName":"GAVISCON® Dual 500 mg / 213 mg / 325 mg bei Sodbrennen","pricePerUnit":"5,85 € / 100 ml","imageUrl":"https://cdn.shop-apotheke.com/images/gaviscon-dual-500-mg-213-mg-325-mg-bei-sodbrennen-suspension-D04363828-p1.jpg","pharmaForm":"Suspension","ribbonText":"","RPMultiplier":"1"},{"id":"04363834","text":"Neutralisiert überschüssige Magensäure und lindert damit Schmerzen und Beschwerden","webDetailPath":"arzneimittel/4363834/gaviscon-dual-500-mg-213-mg-325-mg-suspension-bei-sodbrennen.htm","stock":"product.stockStatus.available","active":false,"discount":"30","retailPrice":"1141","listPrice":"1627","packSize":"24X10 ml","nowProductGroup":"sameday_nextday","attributes":["apothekenpflichtig","Arzneimittel"],"productName":"GAVISCON® Dual 500 mg / 213 mg / 325 mg Suspension bei Sodbrennen ","pricePerUnit":"4,75 € / 100 ml","imageUrl":"https://cdn.shop-apotheke.com/images/gaviscon-dual-500-mg-213-mg-325-mg-suspension-bei-sodbrennen-suspension-D04363834-p1.jpg","pharmaForm":"Suspension","ribbonText":"","RPMultiplier":"1"},{"id":"08032927","text":"Neutralisiert überschüssige Magensäure und lindert damit Schmerzen und Beschwerden","webDetailPath":"arzneimittel/8032927/gaviscon-dual-500-mg-213-mg-325-mg-suspension-sparset.htm","stock":"product.stockStatus.available","active":false,"discount":"33","retailPrice":"2179","listPrice":"3254","packSize":"48x10 ml","nowProductGroup":"sameday_nextday","attributes":["apothekenpflichtig","Arzneimittel"],"productName":"GAVISCON® Dual 500 mg / 213 mg / 325 mg Suspension Sparset","pricePerUnit":"45,40 € / l","imageUrl":"https://cdn.shop-apotheke.com/images/gaviscon-dual-500-mg-213-mg-325-mg-suspension-sparset-suspension-D08032927-p1.jpg","pharmaForm":"Suspension","ribbonText":"Sparset","RPMultiplier":"1"}],"master":false,"marketplace":true,"nowProductGroup":"sameday_nextday","notOnStockMessage":"","stockStatusColor":"green","categoryCodes":["csd00001","csd00219","csd00229","csd02764","csd02770","csd01458","csd02768","csd02833","csd01434","csd02271","csd02859","csd02863","csd00077","csd02753","csd03091","root","catalogs","main","landingpages","csd03339","csd03461","csd03476","csd02968","csd03568","csd03569","csd03635","csd03716","csd03939"],"prices":{"listPrice":{"amount":32.54,"net":28.05,"currency":"EUR","info":{"index":1,"text":"AVP / UVP"}},"retailPrice":{"amount":21.79,"net":18.78,"currency":"EUR","info":{"index":1,"text":"AVP / UVP"}}},"calculatedRatingRanking":3.79,"objectID":"08032927","_rankingInfo":{"nbTypos":0,"firstMatchedWord":0,"proximityDistance":0,"userScore":109,"geoDistance":0,"geoPrecision":1,"nbExactWords":0,"words":1,"filters":1,"personalization":{"score":0,"rankingScore":0,"filtersScore":0,"textualRelevanceBucket":1,"initialPosition":91,"newPosition":91}}},{"brandCode":"csd2425","pzn":"04074946","productName":"Fenistil® Kühl Roll-on","secondaryCategories":["Reiseapotheke","Sonnenbrand, Insektenstichen & Allergien","Landingpages","Topseller Allergie","Produkt-Promotions CRM","SHOP APOTHEKE NOW! Allergie","Landingpages","NOW! Reiseapotheke","Landingpages","Unsere Top-Produkte","Landingpages","100 Topseller","Landingpages","Top Kunden Sommer","Landingpages","SHOP APOTHEKE NOW!","Healthy Deals","Healthy Deals Aktionsprodukte","Landingpages","Insektenschutz & Sonnenbrand","Landingpages","RedPoints Sommeraktion","Landingpages","Sommerliche Erfrischung","Healthy Deals","Healthy Deals Reiseapotheke","Landingpages","Healthy Deals App-Angebote","Landingpages","Top 100"],"manufacturer":"GlaxoSmithKline Consumer Healthcare","pharmaForm":"Gel","brand":"Fenistil Kühl Roll-on Gel","brandIntern":"Fenistil®","subBrandIntern":"","activeSubstances":["Wasser, gereinigtes","Propylenglycol"],"additiveSubstances":["Dinatrium edetat-2-Wasser","Benzalkonium chlorid","Carbomer 974 P","Natriumhydroxid zur pH-Wert-Einstellung"],"additiveSubstancesHtml":"<ul><li>Dinatrium edetat-2-Wasser</li><li>Benzalkonium chlorid</li><li>Carbomer 974 P</li><li>Natriumhydroxid zur pH-Wert-Einstellung</li></ul>","descriptionShort":"Zur Linderung von Juckreiz und Brennen durch Kühleffekt","keywords":[],"unit":"ml","unitQuantityString":"8","masterID":"04074946","indicationRanges":["Dermatotherapeutika","Antipruriginosa","Sonstige"],"ratingCount":56,"averageRating":4.68,"attributes":[],"prescriptionMedicine":false,"price":556,"listPrice":733,"netRetailPrice":479,"priceFormatted":"€ 5,56","listPriceFormatted":"€ 7,33","potency":"","ifap":"Das Präparat wirk kühlend und wird deshalb zur lokalen Behandlung des Juckreizes und Brennen angewendet, z.B. bei:Insektenstichen Sonnenbrand","image":"https://cdn.shop-apotheke.com/images/fenistil-kuehl-roll-on-gel-D04074946-p1.jpg","hasImage":true,"deeplink":"arzneimittel/4074946/fenistil-kuehl-roll-on.htm","applicablePromotions":"","variantDetails":"04074946|04074946|24|8 ml|556|arzneimittel/4074946/fenistil-kuehl-roll-on.htm|product.stockStatus.available","stockStatus":"","stockStatusReason":"product.stockStatus.available","inStock":true,"pricePerUnit":"69,50 € / 100 ml","discountInPercent":24,"created":1445165700000,"lastChanged":1598579332000,"ratingsLink":"/produktbewertungen/4074946/fenistil-kuehl-roll-on.htm","ean":"","RPMultiplier":1,"ribbonText":"","primaryCategory":["Die Online-Apotheke für Deutschland","Die Online-Apotheke für Deutschland/Arzneimittel & weitere Produkte ","Die Online-Apotheke für Deutschland/Arzneimittel & weitere Produkte /Allergie & Asthma","Die Online-Apotheke für Deutschland/Arzneimittel & weitere Produkte /Allergie & Asthma/Allergische Hautreaktion"],"topsellerCountBucket":12,"filterAttributes":[],"filterRating":0.32,"packSize":"8 ml","variants":[{"id":"04074946","text":"Zur Linderung von Juckreiz und Brennen durch Kühleffekt","webDetailPath":"arzneimittel/4074946/fenistil-kuehl-roll-on.htm","stock":"product.stockStatus.available","active":true,"discount":"24","retailPrice":"556","listPrice":"733","packSize":"8 ml","nowProductGroup":"sameday_nextday","attributes":[],"productName":"Fenistil® Kühl Roll-on","pricePerUnit":"69,50 € / 100 ml","imageUrl":"https://cdn.shop-apotheke.com/images/fenistil-kuehl-roll-on-gel-D04074946-p1.jpg","pharmaForm":"Gel","ribbonText":"","RPMultiplier":"1"}],"master":true,"marketplace":true,"nowProductGroup":"sameday_nextday","notOnStockMessage":"","stockStatusColor":"green","categoryCodes":["csd00001","csd00010","csd00014","csd00077","csd00116","csd01569","root","catalogs","main","landingpages","csd03040","csd03290","csd03339","csd03987","csd03988","csd03340","csd03344","csd03461","csd03476","csd03506","csd01434","csd02968","csd03569","csd03635","csd03715","csd04004","csd04394","csd04411"],"prices":{"listPrice":{"amount":7.33,"net":6.32,"currency":"EUR","info":{"index":1,"text":"AVP / UVP"}},"retailPrice":{"amount":5.56,"net":4.79,"currency":"EUR","info":{"index":1,"text":"AVP / UVP"}}},"calculatedRatingRanking":3.65,"objectID":"04074946","_highlightResult":{"activeSubstances":[{"value":"Wasser, gereinigtes","matchLevel":"none","matchedWords":[]},{"value":"Propylenglycol","matchLevel":"none","matchedWords":[]}]},"_rankingInfo":{"nbTypos":0,"firstMatchedWord":0,"proximityDistance":0,"userScore":108,"geoDistance":0,"geoPrecision":1,"nbExactWords":0,"words":1,"filters":1,"personalization":{"score":0,"rankingScore":0,"filtersScore":0,"textualRelevanceBucket":1,"initialPosition":92,"newPosition":92}}},{"brandCode":"csd03163","pzn":"10065064","productName":"BEAVITA Vitalkost Original, Vanille","secondaryCategories":["Landingpages","Fit in den Frühling","Markenshops","BEAVITA","UNSERE ADVENTS-ÜBERASCHUNG EXKLUSIV FÜR UNSERE BESTEN KUNDEN.","Advent 4","Black Friday®","Black Friday RedPoints","Landingpages","Vorsatz: Abnehmen","Neujahrs-Special","RedPoints-Aktion","Landingpages","Abo Produkte","Landingpages","SHOP APOTHEKE NOW!","Healthy Deals","Healthy Deals Ernährung, Sport & Abnehmen","Landingpages","Healthy Deals App-Angebote"],"manufacturer":"nu3 GmbH","pharmaForm":"Pulver","brand":"BEAVITA","brandIntern":"BEAVITA","subBrandIntern":"","activeSubstances":[],"additiveSubstances":[],"additiveSubstancesHtml":"","descriptionShort":"Hochwertiger Mahlzeitenersatz: Diät-Eiweiß-Shake mit Vitaminen, Mineralstoffen & viel Protein","keywords":["abnehmen","diät","diät shake","mahlzeitenersatz"],"unit":"g","unitQuantityString":"500","masterID":"10065064","indicationRanges":[],"ratingCount":19,"averageRating":4.63,"attributes":["vegetarisch","Lebensmittel","ABO"],"prescriptionMedicine":false,"price":1469,"listPrice":0,"netRetailPrice":1399,"priceFormatted":"€ 14,69","listPriceFormatted":"","potency":"","ifap":"","image":"https://cdn.shop-apotheke.com/images/beavita-vitalkost-original-vanille-pulver-D10065064-p1.jpg","hasImage":true,"deeplink":"fitness/10065064/beavita-vitalkost-original-vanille.htm","applicablePromotions":"","variantDetails":"10065064|10065064|0|500 g|1469|fitness/10065064/beavita-vitalkost-original-vanille.htm|product.stockStatus.available","stockStatus":"","stockStatusReason":"product.stockStatus.available","inStock":true,"pricePerUnit":"29,38 € / kg","discountInPercent":0,"created":1536132925000,"lastChanged":1598571623000,"ratingsLink":"/produktbewertungen/10065064/beavita-vitalkost-original-vanille.htm","ean":"4260289442595","RPMultiplier":1,"ribbonText":"","primaryCategory":["Die Online-Apotheke für Deutschland","Die Online-Apotheke für Deutschland/Ernährung, Sport & Abnehmen","Die Online-Apotheke für Deutschland/Ernährung, Sport & Abnehmen/Abnehmen","Die Online-Apotheke für Deutschland/Ernährung, Sport & Abnehmen/Abnehmen/Mahlzeitenersatz","Die Online-Apotheke für Deutschland/Ernährung, Sport & Abnehmen/Abnehmen/Mahlzeitenersatz/Shakes"],"topsellerCountBucket":12,"filterAttributes":["vegetarisch","Lebensmittel","ABO"],"filterRating":0.37,"packSize":"500 g","variants":[{"id":"10065064","text":"Hochwertiger Mahlzeitenersatz: Diät-Eiweiß-Shake mit Vitaminen, Mineralstoffen & viel Protein","webDetailPath":"fitness/10065064/beavita-vitalkost-original-vanille.htm","stock":"product.stockStatus.available","active":true,"discount":"0","retailPrice":"1469","listPrice":"0","packSize":"500 g","nowProductGroup":"nextday","attributes":["vegetarisch","Lebensmittel","ABO"],"productName":"BEAVITA Vitalkost Original, Vanille","pricePerUnit":"29,38 € / kg","imageUrl":"https://cdn.shop-apotheke.com/images/beavita-vitalkost-original-vanille-pulver-D10065064-p1.jpg","pharmaForm":"Pulver","ribbonText":"","RPMultiplier":"1"},{"id":"08102321","text":"Hochwertiger Mahlzeitenersatz: Diät-Eiweiß-Shake mit Vitaminen, Mineralstoffen & viel Protein","webDetailPath":"fitness/8102321/beavita-vitalkost-original-vanille-sparset.htm","stock":"product.stockStatus.available","active":false,"discount":"10","retailPrice":"2965","listPrice":"3294","packSize":"3X500 g","nowProductGroup":"nextday","attributes":["Lebensmittel","ABO"],"productName":"BEAVITA Vitalkost Original, Vanille Sparset ","pricePerUnit":"19,77 € / kg","imageUrl":"https://cdn.shop-apotheke.com/images/beavita-vitalkost-original-vanille-sparset-pulver-D08102321-p1.jpg","pharmaForm":"Pulver","ribbonText":"","RPMultiplier":"1"}],"master":true,"marketplace":false,"nowProductGroup":"nextday","notOnStockMessage":"","stockStatusColor":"green","categoryCodes":["csd03575","csd00003","csd03600","csd02822","root","catalogs","main","landingpages","csd03291","brandshop","csd03319","csd03339","csd03461","csd00001","csd01434","csd02968","csd03571","csd03646","csd03645","csd02271","csd03671","csd01461","csd03686","csd03688","csd03692"],"prices":{"listPrice":null,"retailPrice":{"amount":14.69,"net":13.99,"currency":"EUR","info":{"index":1,"text":"AVP / UVP"}}},"calculatedRatingRanking":3.09,"objectID":"10065064","_rankingInfo":{"nbTypos":0,"firstMatchedWord":0,"proximityDistance":0,"userScore":107,"geoDistance":0,"geoPrecision":1,"nbExactWords":0,"words":1,"filters":1,"personalization":{"score":0,"rankingScore":0,"filtersScore":0,"textualRelevanceBucket":1,"initialPosition":93,"newPosition":93}}},{"brandCode":"csd2910","pzn":"13901609","productName":"Sterillium® Protect & Care Desinfektionsgel","secondaryCategories":["Hausapotheke","Desinfektionsmittel","Krankenpflege","Desinfektionsmittel","Erkältung & Grippe","Desinfektion"],"manufacturer":"PAUL HARTMANN AG","pharmaForm":"Gel","brand":"Sterillium","brandIntern":"HARTMANN","subBrandIntern":"Sterillium®","activeSubstances":[],"additiveSubstances":[],"additiveSubstancesHtml":"","descriptionShort":"Zur Händedesinfektion","keywords":[],"unit":"ml","unitQuantityString":"100","masterID":"13901590","indicationRanges":[],"ratingCount":14,"averageRating":4.57,"attributes":[],"prescriptionMedicine":false,"price":407,"listPrice":483,"netRetailPrice":351,"priceFormatted":"€ 4,07","listPriceFormatted":"€ 4,83","potency":"","ifap":"","image":"https://cdn.shop-apotheke.com/images/sterillium-protect-care-desinfektionsgel-gel-D13901609-p1.jpg","hasImage":true,"deeplink":"arzneimittel/13901609/sterillium-protect-care-desinfektionsgel.htm","applicablePromotions":"","variantDetails":"13901590|13901609|16|100 ml|407|arzneimittel/13901609/sterillium-protect-care-desinfektionsgel.htm|product.stockStatus.available","stockStatus":"","stockStatusReason":"product.stockStatus.available","inStock":true,"pricePerUnit":"4,07 € / 100 ml","discountInPercent":16,"created":1524728454000,"lastChanged":1598572549000,"ratingsLink":"/produktbewertungen/13901609/sterillium-protect-care-desinfektionsgel.htm","ean":"4031678073191","RPMultiplier":1,"ribbonText":"","primaryCategory":["Die Online-Apotheke für Deutschland","Die Online-Apotheke für Deutschland/Arzneimittel & weitere Produkte ","Die Online-Apotheke für Deutschland/Arzneimittel & weitere Produkte /Haus- & Reiseapotheke","Die Online-Apotheke für Deutschland/Arzneimittel & weitere Produkte /Haus- & Reiseapotheke/Erste Hilfe & Verbandmittel","Die Online-Apotheke für Deutschland/Arzneimittel & weitere Produkte /Haus- & Reiseapotheke/Erste Hilfe & Verbandmittel/Haut- & Wunddesinfektion"],"topsellerCountBucket":12,"filterAttributes":[],"filterRating":0.43,"packSize":"100 ml","variants":[{"id":"13901590","text":"Zur Händedesinfektion","webDetailPath":"arzneimittel/13901590/sterillium-protect-care-desinfektionsgel.htm","stock":"product.stockStatus.available","active":true,"discount":"18","retailPrice":"231","listPrice":"283","packSize":"35 ml","nowProductGroup":"sameday_nextday","attributes":[],"productName":"Sterillium® Protect & Care Desinfektionsgel","pricePerUnit":"6,60 € / 100 ml","imageUrl":"https://cdn.shop-apotheke.com/images/sterillium-protect-care-desinfektionsgel-gel-D13901590-p1.jpg","pharmaForm":"Gel","ribbonText":"","RPMultiplier":"1"},{"id":"13901609","text":"Zur Händedesinfektion","webDetailPath":"arzneimittel/13901609/sterillium-protect-care-desinfektionsgel.htm","stock":"product.stockStatus.available","active":false,"discount":"16","retailPrice":"407","listPrice":"483","packSize":"100 ml","nowProductGroup":"sameday_nextday","attributes":[],"productName":"Sterillium® Protect & Care Desinfektionsgel","pricePerUnit":"4,07 € / 100 ml","imageUrl":"https://cdn.shop-apotheke.com/images/sterillium-protect-care-desinfektionsgel-gel-D13901609-p1.jpg","pharmaForm":"Gel","ribbonText":"","RPMultiplier":"1"}],"master":false,"marketplace":true,"nowProductGroup":"sameday_nextday","notOnStockMessage":"","stockStatusColor":"green","categoryCodes":["csd00001","csd00077","csd00078","csd00092","csd02753","csd00114","csd00195","csd03217","csd00061","csd03649"],"prices":{"listPrice":{"amount":4.83,"net":4.16,"currency":"EUR","info":{"index":1,"text":"AVP / UVP"}},"retailPrice":{"amount":4.07,"net":3.51,"currency":"EUR","info":{"index":1,"text":"AVP / UVP"}}},"calculatedRatingRanking":2.95,"objectID":"13901609","_rankingInfo":{"nbTypos":0,"firstMatchedWord":0,"proximityDistance":0,"userScore":106,"geoDistance":0,"geoPrecision":1,"nbExactWords":0,"words":1,"filters":1,"personalization":{"score":0,"rankingScore":0,"filtersScore":0,"textualRelevanceBucket":1,"initialPosition":94,"newPosition":94}}},{"brandCode":"csd2463","pzn":"04402066","productName":"Hoggar® Night 25 mg Doxylaminsuccinat","secondaryCategories":["Black Friday®","40% und mehr","Landingpages","Unsere Topseller","Landingpages","Topseller","Landingpages","Topseller","Black Friday®","Wohl durch den Winter","UNSERE ADVENTS-ÜBERASCHUNG EXKLUSIV FÜR UNSERE BESTEN KUNDEN.","Advent 3","Landingpages","100 Topseller","Landingpages","SHOP APOTHEKE NOW!","Landingpages","RedPoints Moonlight Aktion"],"manufacturer":"STADA Consumer Health Deutschland GmbH","pharmaForm":"Tabletten","brand":"csd2463","brandIntern":"STADA","subBrandIntern":"Hoggar®","activeSubstances":["Doxylamin hydrogensuccinat"],"additiveSubstances":["Magnesium stearat","Siliciumdioxid, hochdisperses","Gelatine","Maisstärke","Kartoffelstärke","Lactose-1-Wasser","Talkum"],"additiveSubstancesHtml":"<ul><li>Magnesium stearat</li><li>Siliciumdioxid, hochdisperses</li><li>Gelatine</li><li>Maisstärke</li><li>Kartoffelstärke</li><li>Lactose-1-Wasser</li><li>Talkum</li></ul>","descriptionShort":"Zur Kurzzeitbehandlung von Schlafstörungen","keywords":["Hoggernight","schlaf","Hoggar","Schlafstörungen","Beruhigung","Schlaftabletten","schlafmittel"],"unit":"St","unitQuantityString":"20","masterID":"04402020","indicationRanges":["Hypnotika/ Sedativa","Monopräparate","H1-Antihistaminika"],"ratingCount":310,"averageRating":4.56,"attributes":["apothekenpflichtig","Arzneimittel"],"prescriptionMedicine":false,"price":846,"listPrice":1315,"netRetailPrice":729,"priceFormatted":"€ 8,46","listPriceFormatted":"€ 13,15","potency":"","ifap":"Das Arzneimittel wird angewendet zur Kurzzeitbehandlung von Schlafstörungen. Hinweis:Nicht alle Schlafstörungen bedürfen einer medikamentösen Therapie. Oftmals sind sie Ausdruck körperlicher oder seelischer Erkrankungen und können durch andere Maßnahmen oder eine Therapie der Grundkrankheit beeinflusst werden.  Deshalb sollte bei länger anhaltenden Schlafstörungen keine Dauerbehandlung mit dem Arzneimittel erfolgen, sondern der behandelnde Arzt aufgesucht werden.","image":"https://cdn.shop-apotheke.com/images/hoggar-night-25-mg-doxylaminsuccinat-tabletten-D04402066-p10.jpg","hasImage":true,"deeplink":"arzneimittel/4402066/hoggar-night-25-mg-doxylaminsuccinat.htm","applicablePromotions":"","variantDetails":"04402020|04402066|36|20 St|846|arzneimittel/4402066/hoggar-night-25-mg-doxylaminsuccinat.htm|product.stockStatus.available","stockStatus":"","stockStatusReason":"product.stockStatus.available","inStock":true,"pricePerUnit":"","discountInPercent":36,"created":1445168131000,"lastChanged":1598578230000,"ratingsLink":"/produktbewertungen/4402066/hoggar-night-25-mg-doxylaminsuccinat.htm","ean":"4150044020666","RPMultiplier":1,"ribbonText":"","primaryCategory":["Die Online-Apotheke für Deutschland","Die Online-Apotheke für Deutschland/Arzneimittel & weitere Produkte ","Die Online-Apotheke für Deutschland/Arzneimittel & weitere Produkte /Beruhigung, Schlaf & Nerven","Die Online-Apotheke für Deutschland/Arzneimittel & weitere Produkte /Beruhigung, Schlaf & Nerven/Beruhigung & Schlaf"],"topsellerCountBucket":12,"filterAttributes":[],"filterRating":0.44,"packSize":"20 St","variants":[{"id":"04402020","text":"Zur Kurzzeitbehandlung von Schlafstörungen","webDetailPath":"arzneimittel/4402020/hoggar-night-25-mg-doxylaminsuccinat.htm","stock":"product.stockStatus.available","active":true,"discount":"41","retailPrice":"486","listPrice":"827","packSize":"10 St","nowProductGroup":"sameday_nextday","attributes":["apothekenpflichtig","Arzneimittel"],"productName":"Hoggar® Night 25 mg Doxylaminsuccinat","pricePerUnit":"","imageUrl":"https://cdn.shop-apotheke.com/images/hoggar-night-25-mg-doxylaminsuccinat-tabletten-D04402020-p1.jpg","pharmaForm":"Tabletten","ribbonText":"","RPMultiplier":"1"},{"id":"04402066","text":"Zur Kurzzeitbehandlung von Schlafstörungen","webDetailPath":"arzneimittel/4402066/hoggar-night-25-mg-doxylaminsuccinat.htm","stock":"product.stockStatus.available","active":false,"discount":"36","retailPrice":"846","listPrice":"1315","packSize":"20 St","nowProductGroup":"nextday","attributes":["apothekenpflichtig","Arzneimittel"],"productName":"Hoggar® Night 25 mg Doxylaminsuccinat","pricePerUnit":"","imageUrl":"https://cdn.shop-apotheke.com/images/hoggar-night-25-mg-doxylaminsuccinat-tabletten-D04402066-p10.jpg","pharmaForm":"Tabletten","ribbonText":"","RPMultiplier":"1"}],"master":false,"marketplace":false,"nowProductGroup":"nextday","notOnStockMessage":"","stockStatusColor":"green","categoryCodes":["csd00001","csd00034","csd00035","csd01434","csd02271","csd02272","root","catalogs","main","landingpages","csd03273","csd03339","csd03344","csd03516","csd03646","csd03644","csd03647","csd03648","csd03668"],"prices":{"listPrice":{"amount":13.15,"net":11.34,"currency":"EUR","info":{"index":1,"text":"AVP / UVP"}},"retailPrice":{"amount":8.46,"net":7.29,"currency":"EUR","info":{"index":1,"text":"AVP / UVP"}}},"calculatedRatingRanking":4.27,"objectID":"04402066","_highlightResult":{"activeSubstances":[{"value":"Doxylamin hydrogensuccinat","matchLevel":"none","matchedWords":[]}]},"_rankingInfo":{"nbTypos":0,"firstMatchedWord":0,"proximityDistance":0,"userScore":105,"geoDistance":0,"geoPrecision":1,"nbExactWords":0,"words":1,"filters":1,"personalization":{"score":0,"rankingScore":0,"filtersScore":0,"textualRelevanceBucket":1,"initialPosition":95,"newPosition":95}}},{"brandCode":"csd03163","pzn":"12503798","productName":"BEAVITA Vitalkost Plus, Mango Lassi","secondaryCategories":["Landingpages","Fit in den Frühling","Markenshops","BEAVITA","Landingpages","Topseller","Black Friday®","Black Friday RedPoints","Landingpages","Vorsatz: Abnehmen","Neujahrs-Special","RedPoints-Aktion","Landingpages","Abo Produkte","Healthy Deals","Healthy Deals Aktionsprodukte","Healthy Deals","Healthy Deals Ernährung, Sport & Abnehmen","Landingpages","Healthy Deals App-Angebote"],"manufacturer":"nu3 GmbH","pharmaForm":"Pulver","brand":"BEAVITA","brandIntern":"BEAVITA","subBrandIntern":"","activeSubstances":[],"additiveSubstances":[],"additiveSubstancesHtml":"","descriptionShort":"Hochwertiger Mahlzeitenersatz: Diät-Eiweiß-Shake mit Vitaminen, Mineralstoffen & viel Protein","keywords":["abnehmen","diät","diät shake","mahlzeitenersatz"],"unit":"g","unitQuantityString":"572","masterID":"12503798","indicationRanges":[],"ratingCount":25,"averageRating":4.52,"attributes":["vegetarisch","Lebensmittel","ABO"],"prescriptionMedicine":false,"price":1471,"listPrice":0,"netRetailPrice":1401,"priceFormatted":"€ 14,71","listPriceFormatted":"","potency":"","ifap":"","image":"https://cdn.shop-apotheke.com/images/beavita-vitalkost-plus-mango-lassi-pulver-D12503798-p1.jpg","hasImage":true,"deeplink":"fitness/12503798/beavita-vitalkost-plus-mango-lassi.htm","applicablePromotions":"","variantDetails":"12503798|12503798|0|572 g|1471|fitness/12503798/beavita-vitalkost-plus-mango-lassi.htm|product.stockStatus.available","stockStatus":"","stockStatusReason":"product.stockStatus.available","inStock":true,"pricePerUnit":"25,72 € / kg","discountInPercent":0,"created":1535032811000,"lastChanged":1598572297000,"ratingsLink":"/produktbewertungen/12503798/beavita-vitalkost-plus-mango-lassi.htm","ean":"4260289448436","RPMultiplier":1,"ribbonText":"","primaryCategory":["Die Online-Apotheke für Deutschland","Die Online-Apotheke für Deutschland/Ernährung, Sport & Abnehmen","Die Online-Apotheke für Deutschland/Ernährung, Sport & Abnehmen/Abnehmen","Die Online-Apotheke für Deutschland/Ernährung, Sport & Abnehmen/Abnehmen/Mahlzeitenersatz","Die Online-Apotheke für Deutschland/Ernährung, Sport & Abnehmen/Abnehmen/Mahlzeitenersatz/Shakes"],"topsellerCountBucket":12,"filterAttributes":["vegetarisch","Lebensmittel","ABO"],"filterRating":0.48,"packSize":"572 g","variants":[{"id":"12503798","text":"Hochwertiger Mahlzeitenersatz: Diät-Eiweiß-Shake mit Vitaminen, Mineralstoffen & viel Protein","webDetailPath":"fitness/12503798/beavita-vitalkost-plus-mango-lassi.htm","stock":"product.stockStatus.available","active":true,"discount":"0","retailPrice":"1471","listPrice":"0","packSize":"572 g","nowProductGroup":"sameday_nextday","attributes":["vegetarisch","Lebensmittel","ABO"],"productName":"BEAVITA Vitalkost Plus, Mango Lassi","pricePerUnit":"25,72 € / kg","imageUrl":"https://cdn.shop-apotheke.com/images/beavita-vitalkost-plus-mango-lassi-pulver-D12503798-p1.jpg","pharmaForm":"Pulver","ribbonText":"","RPMultiplier":"1"}],"master":true,"marketplace":true,"nowProductGroup":"sameday_nextday","notOnStockMessage":"","stockStatusColor":"green","categoryCodes":["csd03575","csd00003","csd03600","csd02822","root","catalogs","main","landingpages","csd03291","brandshop","csd03319","csd03461","csd00001","csd01434","csd02968","csd03571","csd03635","csd03648","csd02271","csd03671","csd01461","csd03686","csd03688","csd03692"],"prices":{"listPrice":null,"retailPrice":{"amount":14.71,"net":14.01,"currency":"EUR","info":{"index":1,"text":"AVP / UVP"}}},"calculatedRatingRanking":3.17,"objectID":"12503798","_rankingInfo":{"nbTypos":0,"firstMatchedWord":0,"proximityDistance":0,"userScore":104,"geoDistance":0,"geoPrecision":1,"nbExactWords":0,"words":1,"filters":1,"personalization":{"score":0,"rankingScore":0,"filtersScore":0,"textualRelevanceBucket":1,"initialPosition":96,"newPosition":96}}},{"brandCode":"csd03163","pzn":"13861815","productName":"BEAVITA Vitalkost Plus, Berry Yoghurt Pulver","secondaryCategories":["Markenshops","BEAVITA","Landingpages","Topseller","UNSERE ADVENTS-ÜBERASCHUNG EXKLUSIV FÜR UNSERE BESTEN KUNDEN.","Advent 4","Black Friday®","Black Friday RedPoints","Landingpages","Vorsatz: Abnehmen","Neujahrs-Special","RedPoints-Aktion","Landingpages","Abo Produkte","Healthy Deals","Healthy Deals Aktionsprodukte"],"manufacturer":"nu3 GmbH","pharmaForm":"Pulver","brand":"BEAVITA","brandIntern":"BEAVITA","subBrandIntern":"","activeSubstances":[],"additiveSubstances":[],"additiveSubstancesHtml":"","descriptionShort":"Hochwertiger Mahlzeitenersatz: Diät-Eiweiß-Shake mit Vitaminen, Mineralstoffen & viel Protein","keywords":["abnehmen","Diät","Diät shake","Fettabbau","Mahlzeitenersatz"],"unit":"g","unitQuantityString":"572","masterID":"13861815","indicationRanges":[],"ratingCount":24,"averageRating":4.5,"attributes":["vegetarisch","Lebensmittel","ABO"],"prescriptionMedicine":false,"price":1499,"listPrice":0,"netRetailPrice":1428,"priceFormatted":"€ 14,99","listPriceFormatted":"","potency":"","ifap":"","image":"https://cdn.shop-apotheke.com/images/beavita-vitalkost-plus-berry-yoghurt-pulver-pulver-D13861815-p1.jpg","hasImage":true,"deeplink":"fitness/13861815/beavita-vitalkost-plus-berry-yoghurt-pulver.htm","applicablePromotions":"","variantDetails":"13861815|13861815|0|572 g|1499|fitness/13861815/beavita-vitalkost-plus-berry-yoghurt-pulver.htm|product.stockStatus.available","stockStatus":"","stockStatusReason":"product.stockStatus.available","inStock":true,"pricePerUnit":"26,21 € / kg","discountInPercent":0,"created":1537279850000,"lastChanged":1598572526000,"ratingsLink":"/produktbewertungen/13861815/beavita-vitalkost-plus-berry-yoghurt-pulver.htm","ean":"4260289443356","RPMultiplier":1,"ribbonText":"","primaryCategory":["Die Online-Apotheke für Deutschland","Die Online-Apotheke für Deutschland/Ernährung, Sport & Abnehmen","Die Online-Apotheke für Deutschland/Ernährung, Sport & Abnehmen/Abnehmen","Die Online-Apotheke für Deutschland/Ernährung, Sport & Abnehmen/Abnehmen/Mahlzeitenersatz","Die Online-Apotheke für Deutschland/Ernährung, Sport & Abnehmen/Abnehmen/Mahlzeitenersatz/Shakes"],"topsellerCountBucket":12,"filterAttributes":["vegetarisch","Lebensmittel","ABO"],"filterRating":0.5,"packSize":"572 g","variants":[{"id":"13861815","text":"Hochwertiger Mahlzeitenersatz: Diät-Eiweiß-Shake mit Vitaminen, Mineralstoffen & viel Protein","webDetailPath":"fitness/13861815/beavita-vitalkost-plus-berry-yoghurt-pulver.htm","stock":"product.stockStatus.available","active":true,"discount":"0","retailPrice":"1499","listPrice":"0","packSize":"572 g","nowProductGroup":"sameday_nextday","attributes":["vegetarisch","Lebensmittel","ABO"],"productName":"BEAVITA Vitalkost Plus, Berry Yoghurt Pulver","pricePerUnit":"26,21 € / kg","imageUrl":"https://cdn.shop-apotheke.com/images/beavita-vitalkost-plus-berry-yoghurt-pulver-pulver-D13861815-p1.jpg","pharmaForm":"Pulver","ribbonText":"","RPMultiplier":"1"}],"master":true,"marketplace":false,"nowProductGroup":"sameday_nextday","notOnStockMessage":"","stockStatusColor":"green","categoryCodes":["csd03575","csd00003","csd03600","csd02822","root","catalogs","main","brandshop","csd03319","csd00001","csd01434","csd02968","csd03635","landingpages","csd03646","csd03645","csd03648","csd02271","csd03671","csd01461","csd03686","csd03688","csd03692"],"prices":{"listPrice":null,"retailPrice":{"amount":14.99,"net":14.28,"currency":"EUR","info":{"index":1,"text":"AVP / UVP"}}},"calculatedRatingRanking":3.15,"objectID":"13861815","_rankingInfo":{"nbTypos":0,"firstMatchedWord":0,"proximityDistance":0,"userScore":103,"geoDistance":0,"geoPrecision":1,"nbExactWords":0,"words":1,"filters":1,"personalization":{"score":0,"rankingScore":0,"filtersScore":0,"textualRelevanceBucket":1,"initialPosition":97,"newPosition":97}}},{"brandCode":"","pzn":"16701064","productName":"Linola® Sept Hand-Desinfektiongel","secondaryCategories":["Erkältung & Grippe","Desinfektion"],"manufacturer":"Dr. August Wolff GmbH & Co.KG Arzneimittel","pharmaForm":"Gel","brand":"","brandIntern":"Linola®","subBrandIntern":"Sept","activeSubstances":["Ethanol"],"additiveSubstances":[],"additiveSubstancesHtml":"","descriptionShort":"Zur Desinfektion der Hände ","keywords":[],"unit":"ml","unitQuantityString":"45","masterID":"16701064","indicationRanges":["Antiseptika/ Desinfektionsmittel","Sonstige"],"ratingCount":75,"averageRating":4.47,"attributes":[],"prescriptionMedicine":false,"price":231,"listPrice":249,"netRetailPrice":199,"priceFormatted":"€ 2,31","listPriceFormatted":"€ 2,49","potency":"","ifap":"","image":"https://cdn.shop-apotheke.com/images/linola-sept-hand-desinfektiongel-gel-D16701064-p1.jpg","hasImage":true,"deeplink":"arzneimittel/16701064/linola-sept-hand-desinfektiongel.htm","applicablePromotions":"","variantDetails":"16701064|16701064|7|45 ml|231|arzneimittel/16701064/linola-sept-hand-desinfektiongel.htm|product.stockStatus.available","stockStatus":"","stockStatusReason":"product.stockStatus.available","inStock":true,"pricePerUnit":"5,13 € / 100 ml","discountInPercent":7,"created":1592581084000,"lastChanged":1598572992000,"ratingsLink":"/produktbewertungen/16701064/linola-sept-hand-desinfektiongel.htm","ean":"4048882164027","RPMultiplier":1,"ribbonText":"","primaryCategory":["Die Online-Apotheke für Deutschland","Die Online-Apotheke für Deutschland/Arzneimittel & weitere Produkte ","Die Online-Apotheke für Deutschland/Arzneimittel & weitere Produkte /Haus- & Reiseapotheke","Die Online-Apotheke für Deutschland/Arzneimittel & weitere Produkte /Haus- & Reiseapotheke/Erste Hilfe & Verbandmittel","Die Online-Apotheke für Deutschland/Arzneimittel & weitere Produkte /Haus- & Reiseapotheke/Erste Hilfe & Verbandmittel/Haut- & Wunddesinfektion"],"topsellerCountBucket":12,"filterAttributes":[],"filterRating":0.53,"packSize":"45 ml","variants":[{"id":"16701064","text":"Zur Desinfektion der Hände ","webDetailPath":"arzneimittel/16701064/linola-sept-hand-desinfektiongel.htm","stock":"product.stockStatus.available","active":true,"discount":"7","retailPrice":"231","listPrice":"249","packSize":"45 ml","nowProductGroup":"nextday","attributes":[],"productName":"Linola® Sept Hand-Desinfektiongel","pricePerUnit":"5,13 € / 100 ml","imageUrl":"https://cdn.shop-apotheke.com/images/linola-sept-hand-desinfektiongel-gel-D16701064-p1.jpg","pharmaForm":"Gel","ribbonText":"","RPMultiplier":"1"},{"id":"16606503","text":"Zur Desinfektion der Hände ","webDetailPath":"arzneimittel/16606503/linola-sept-hand-desinfektionsgel.htm","stock":"product.stockStatus.available","active":false,"discount":"7","retailPrice":"320","listPrice":"345","packSize":"80 ml","nowProductGroup":"sameday_nextday","attributes":[],"productName":"Linola® sept Hand-Desinfektionsgel","pricePerUnit":"4,00 € / 100 ml","imageUrl":"https://cdn.shop-apotheke.com/images/linola-sept-hand-desinfektionsgel-gel-D16606503-p1.jpg","pharmaForm":"Gel","ribbonText":"","RPMultiplier":"1"},{"id":"16606495","text":"Etnfernt 99,9% der Bakterien und inaktivert behüllte Viren","webDetailPath":"arzneimittel/16606495/linola-sept-hand-desinfektionsgel.htm","stock":"product.stockStatus.available","active":false,"discount":"7","retailPrice":"528","listPrice":"570","packSize":"190 ml","nowProductGroup":"nextday","attributes":[],"productName":"Linola® sept Hand-Desinfektionsgel ","pricePerUnit":"2,78 € / 100 ml","imageUrl":"https://cdn.shop-apotheke.com/images/linola-sept-hand-desinfektionsgel-gel-D16606495-p1.jpg","pharmaForm":"Gel","ribbonText":"","RPMultiplier":"1"},{"id":"16604556","text":"Zur Desinfektion der Hände ","webDetailPath":"arzneimittel/16604556/linola-sept-hand-desinfektionsgel.htm","stock":"product.stockStatus.available","active":false,"discount":"20","retailPrice":"719","listPrice":"894","packSize":"300 ml","nowProductGroup":"sameday_nextday","attributes":[],"productName":"Linola® sept Hand-Desinfektionsgel","pricePerUnit":"23,97 € / l","imageUrl":"https://cdn.shop-apotheke.com/images/linola-sept-hand-desinfektionsgel-gel-D16604556-p10.jpg","pharmaForm":"Gel","ribbonText":"","RPMultiplier":"1"}],"master":true,"marketplace":false,"nowProductGroup":"nextday","notOnStockMessage":"","stockStatusColor":"green","categoryCodes":["csd00001","csd00077","csd00078","csd00092","csd00061","csd03649"],"prices":{"listPrice":{"amount":2.49,"net":2.15,"currency":"EUR","info":{"index":1,"text":"AVP / UVP"}},"retailPrice":{"amount":2.31,"net":1.99,"currency":"EUR","info":{"index":1,"text":"AVP / UVP"}}},"calculatedRatingRanking":3.68,"objectID":"16701064","_highlightResult":{"activeSubstances":[{"value":"Ethanol","matchLevel":"none","matchedWords":[]}]},"_rankingInfo":{"nbTypos":0,"firstMatchedWord":0,"proximityDistance":0,"userScore":102,"geoDistance":0,"geoPrecision":1,"nbExactWords":0,"words":1,"filters":1,"personalization":{"score":0,"rankingScore":0,"filtersScore":0,"textualRelevanceBucket":1,"initialPosition":98,"newPosition":98}}},{"brandCode":"csd03158","pzn":"08104666","productName":"nu3 Bio Kurkuma, vegan","secondaryCategories":["Markenshops","nu3","Landingpages","Topseller","UNSERE ADVENTS-ÜBERASCHUNG EXKLUSIV FÜR UNSERE BESTEN KUNDEN.","Advent 4","Black Friday®","Black Friday RedPoints","Neujahrs-Special","RedPoints-Aktion","Landingpages","Adventskalender Türchen 18: nu3 Produkte","Landingpages","Angebote aus der App-otheke ","Landingpages","Abo Produkte","Ernährung","Detox & Entgiftung","Geschenke für Sie & Ihn","Geschenke für Sie","Specials","Muttertags-Special","Valentinstag-Special","Valentinstagsgeschenke für Frauen","Oster-Special","Geschenke für Sie","Redirects","Geschenke für die Dame","Muttertags-Special","Muttertags-Geschenke","nu3","nu3 Gesundheit","Supplement Marken","nu3","Healthy Deals","Healthy Deals Ernährung, Sport & Abnehmen","Landingpages","Healthy Deals App-Angebote"],"manufacturer":"nu3 GmbH","pharmaForm":"Kapseln","brand":"Nu3","brandIntern":"nu3","subBrandIntern":"","activeSubstances":[],"additiveSubstances":[],"additiveSubstancesHtml":"","descriptionShort":"Vegane hochdosierte Bio Kurkuma-Kapseln mit hohem Anteil an Curcumin und Piperin – leicht dosierbar","keywords":["kurkuma","curcuma","curkuma","curcumin","kurkumin","curkumin","kurcumin","bio kurkuma"],"unit":"St","unitQuantityString":"200","masterID":"08104666","indicationRanges":[],"ratingCount":48,"averageRating":4.44,"attributes":["vegetarisch","vegan","ABO","BIO"],"prescriptionMedicine":false,"price":1799,"listPrice":0,"netRetailPrice":1713,"priceFormatted":"€ 17,99","listPriceFormatted":"","potency":"","ifap":"","image":"https://cdn.shop-apotheke.com/images/nu3-bio-kurkuma-vegan-kapseln-D08104666-p1.jpg","hasImage":true,"deeplink":"fitness/8104666/nu3-bio-kurkuma-vegan.htm","applicablePromotions":"","variantDetails":"08104666|08104666|0|200 St|1799|fitness/8104666/nu3-bio-kurkuma-vegan.htm|product.stockStatus.available","stockStatus":"","stockStatusReason":"product.stockStatus.available","inStock":true,"pricePerUnit":"","discountInPercent":0,"created":1550769438000,"lastChanged":1598571012000,"ratingsLink":"/produktbewertungen/8104666/nu3-bio-kurkuma-vegan.htm","ean":"4260289441086","RPMultiplier":1,"ribbonText":"","primaryCategory":["Die Online-Apotheke für Deutschland","Die Online-Apotheke für Deutschland/Ernährung, Sport & Abnehmen","Die Online-Apotheke für Deutschland/Ernährung, Sport & Abnehmen/Ernährung","Die Online-Apotheke für Deutschland/Ernährung, Sport & Abnehmen/Ernährung/Superfoods","Die Online-Apotheke für Deutschland/Ernährung, Sport & Abnehmen/Ernährung/Superfoods/Kurkuma"],"topsellerCountBucket":12,"filterAttributes":["vegetarisch","vegan","ABO","BIO"],"filterRating":0.56,"packSize":"200 St","variants":[{"id":"08104666","text":"Vegane hochdosierte Bio Kurkuma-Kapseln mit hohem Anteil an Curcumin und Piperin – leicht dosierbar","webDetailPath":"fitness/8104666/nu3-bio-kurkuma-vegan.htm","stock":"product.stockStatus.available","active":true,"discount":"0","retailPrice":"1799","listPrice":"0","packSize":"200 St","nowProductGroup":"sameday_nextday","attributes":["vegetarisch","vegan","ABO","BIO"],"productName":"nu3 Bio Kurkuma, vegan","pricePerUnit":"","imageUrl":"https://cdn.shop-apotheke.com/images/nu3-bio-kurkuma-vegan-kapseln-D08104666-p1.jpg","pharmaForm":"Kapseln","ribbonText":"","RPMultiplier":"1"},{"id":"08102322","text":"Vegane hochdosierte Bio Kurkuma-Kapseln mit hohem Anteil an Curcumin und Piperin – leicht dosierbar","webDetailPath":"fitness/8102322/nu3-bio-kurkuma-vegan-sparset.htm","stock":"product.stockStatus.available","active":false,"discount":"10","retailPrice":"4857","listPrice":"5397","packSize":"3X200 St","nowProductGroup":"sameday_nextday","attributes":["vegetarisch","vegan","ABO","BIO"],"productName":"nu3 Bio Kurkuma, vegan Sparset","pricePerUnit":"","imageUrl":"https://cdn.shop-apotheke.com/images/nu3-bio-kurkuma-vegan-sparset-kapseln-D08102322-p1.jpg","pharmaForm":"Kapseln","ribbonText":"","RPMultiplier":"1"}],"master":true,"marketplace":true,"nowProductGroup":"sameday_nextday","notOnStockMessage":"","stockStatusColor":"green","categoryCodes":["csd03575","csd03576","csd01688","csd03596","csd02320","csd01439","csd00001","csd01434","csd01450","csd02352","csd02369","csd02527","csd02764","csd01447","csd02765","csd01435","csd02959","csd03055","root","catalogs","main","brandshop","csd03207","csd03208","csd00283","csd03011","csd03274","landingpages","csd03461","csd02968","csd03571","csd03646","csd03645","csd03648","csd02271","csd03671","csd03684","csd01461","csd03686","csd03692","csd03693"],"prices":{"listPrice":null,"retailPrice":{"amount":17.99,"net":17.13,"currency":"EUR","info":{"index":1,"text":"AVP / UVP"}}},"calculatedRatingRanking":3.45,"objectID":"08104666","_rankingInfo":{"nbTypos":0,"firstMatchedWord":0,"proximityDistance":0,"userScore":101,"geoDistance":0,"geoPrecision":1,"nbExactWords":0,"words":1,"filters":1,"personalization":{"score":0,"rankingScore":0,"filtersScore":0,"textualRelevanceBucket":1,"initialPosition":99,"newPosition":99}}},{"brandCode":"csd03158","pzn":"08101156","productName":"nu3 Premium OPC","secondaryCategories":["Geschenke Themenwelt","Gesundheit schenken","Markenshops","nu3","Black Friday®","Black Friday RedPoints","Neujahrs-Special","RedPoints-Aktion","Landingpages","Adventskalender Türchen 18: nu3 Produkte","nu3","nu3 Gesundheit","Supplement Marken","nu3","Landingpages","SHOP APOTHEKE NOW!","Healthy Deals","Healthy Deals Ernährung, Sport & Abnehmen","Landingpages","Healthy Deals App-Angebote"],"manufacturer":"nu3 GmbH","pharmaForm":"Kapseln","brand":"Nu3","brandIntern":"nu3","subBrandIntern":"","activeSubstances":[],"additiveSubstances":[],"additiveSubstancesHtml":"","descriptionShort":"Vegane OPC-Kapseln mit Vitamin C für eine hohe Bioverfügbarkeit – besonders rein","keywords":["Camu camu","Kamu Kamu","camucamu","Traubenkern","Traubenkernextrakt"],"unit":"St","unitQuantityString":"120","masterID":"08101156","indicationRanges":[],"ratingCount":14,"averageRating":4.43,"attributes":["vegetarisch","vegan","Lebensmittel","Nahrungsergänzungsmittel"],"prescriptionMedicine":false,"price":1999,"listPrice":0,"netRetailPrice":1904,"priceFormatted":"€ 19,99","listPriceFormatted":"","potency":"","ifap":"","image":"https://cdn.shop-apotheke.com/images/nu3-premium-opc-kapseln-D08101156-p1.jpg","hasImage":true,"deeplink":"fitness/8101156/nu3-premium-opc.htm","applicablePromotions":"","variantDetails":"08101156|08101156|0|120 St|1999|fitness/8101156/nu3-premium-opc.htm|product.stockStatus.available","stockStatus":"","stockStatusReason":"product.stockStatus.available","inStock":true,"pricePerUnit":"","discountInPercent":0,"created":1533731753000,"lastChanged":1598570949000,"ratingsLink":"/produktbewertungen/8101156/nu3-premium-opc.htm","ean":"4260289443394","RPMultiplier":1,"ribbonText":"","primaryCategory":["Die Online-Apotheke für Deutschland","Die Online-Apotheke für Deutschland/Ernährung, Sport & Abnehmen","Die Online-Apotheke für Deutschland/Ernährung, Sport & Abnehmen/Ernährung","Die Online-Apotheke für Deutschland/Ernährung, Sport & Abnehmen/Ernährung/Superfoods","Die Online-Apotheke für Deutschland/Ernährung, Sport & Abnehmen/Ernährung/Superfoods/weitere Superfoods"],"topsellerCountBucket":12,"filterAttributes":["vegetarisch","vegan","Lebensmittel","Nahrungsergänzungsmittel"],"filterRating":0.57,"packSize":"120 St","variants":[{"id":"08101156","text":"Vegane OPC-Kapseln mit Vitamin C für eine hohe Bioverfügbarkeit – besonders rein","webDetailPath":"fitness/8101156/nu3-premium-opc.htm","stock":"product.stockStatus.available","active":true,"discount":"0","retailPrice":"1999","listPrice":"0","packSize":"120 St","nowProductGroup":"sameday_nextday","attributes":["vegetarisch","vegan","Lebensmittel","Nahrungsergänzungsmittel"],"productName":"nu3 Premium OPC","pricePerUnit":"","imageUrl":"https://cdn.shop-apotheke.com/images/nu3-premium-opc-kapseln-D08101156-p1.jpg","pharmaForm":"Kapseln","ribbonText":"","RPMultiplier":"1"}],"master":true,"marketplace":false,"nowProductGroup":"sameday_nextday","notOnStockMessage":"","stockStatusColor":"green","categoryCodes":["csd03575","csd03576","csd01688","csd02815","csd02764","csd02770","csd01458","root","catalogs","main","brandshop","csd03207","csd03208","csd00283","csd03011","csd03274","landingpages","csd03339","csd03461","csd00001","csd01434","csd02968","csd03571","csd02271","csd03671","csd01461","csd03686","csd03693"],"prices":{"listPrice":null,"retailPrice":{"amount":19.99,"net":19.04,"currency":"EUR","info":{"index":1,"text":"AVP / UVP"}}},"calculatedRatingRanking":2.92,"objectID":"08101156","_rankingInfo":{"nbTypos":0,"firstMatchedWord":0,"proximityDistance":0,"userScore":200,"geoDistance":0,"geoPrecision":1,"nbExactWords":0,"words":1,"filters":1,"personalization":{"score":0,"rankingScore":0,"filtersScore":0,"textualRelevanceBucket":1,"initialPosition":100,"newPosition":100}}},{"brandCode":"csd01753","pzn":"10048806","productName":"ELASTEN® + 5 Ampullen ELASTEN® GRATIS","secondaryCategories":["Geschenke Themenwelt","Beauty schenken","Märchenhafte Geschenkewelt","Sterntaler","Geschenke für Sie & Ihn","Geschenke für Sie","Schönheit von innen","Nahrungsergänzungsmittel","Landingpages","Beauty Top 20","Specials","Muttertags-Special","Valentinstag-Special","Valentinstagsgeschenke für Frauen","Oster-Special","Geschenke für Sie","Redirects","Geschenke für die Dame","Muttertags-Special","Muttertags-Geschenke","Hautbedürfnisse","Schönheit von Innen","Landingpages","Beauty Topseller","Landingpages","Beauty-Topseller: 10% Rabatt mit beauty2019 sichern!","Landingpages","Unsere Top-Produkte","Healthy Deals","Beauty Spar-Angebote","Landingpages","Abo Produkte","Landingpages","SHOP APOTHEKE NOW!","Landingpages","Healthy Deals App-Angebote","Healthy Deals","Healthy Deals Aktionsprodukte","Healthy Deals","Healthy Deals Beauty & Pflege"],"manufacturer":"Quiris Healthcare GmbH & Co. KG","pharmaForm":"Trinkampullen","brand":"Elasten","brandIntern":"ELASTEN®","subBrandIntern":"","activeSubstances":["Biotin","Zink citrat","Acerolafrucht-Extrakt (4:1); Auszugsmittel: Wasser","Polypeptide aus Kollagen","Tocopherolgemisch","Ascorbinsäure"],"additiveSubstances":["Aromastoffe, natürlich, naturidentisch","Natriumbenzoat","Agave americana-Dicksaft","Carmellose","Citronensäure","Fructose","Kalium sorbat"],"additiveSubstancesHtml":"<ul><li>Aromastoffe, natürlich, naturidentisch</li><li>Natriumbenzoat</li><li>Agave americana-Dicksaft</li><li>Carmellose</li><li>Citronensäure</li><li>Fructose</li><li>Kalium sorbat</li></ul>","descriptionShort":"Natürlich schöne Haut von innen","keywords":["antiage","anti-age","kollagen","falten","faltenbildung","elastizität","anti-aging","hautbild"],"unit":"ml","unitQuantityString":"28x25","masterID":"10048806","indicationRanges":["Ohne Angabe einer Indikation, da Nichtarzneimittel"],"ratingCount":504,"averageRating":4.36,"attributes":["Lebensmittel","Nahrungsergänzungsmittel","ABO"],"prescriptionMedicine":false,"price":5847,"listPrice":8900,"netRetailPrice":5041,"priceFormatted":"€ 58,47","listPriceFormatted":"€ 89,00","potency":"","ifap":"","image":"https://cdn.shop-apotheke.com/images/elasten-trinkampullen-D10048806-p1.jpg","hasImage":true,"deeplink":"beauty/10048806/elasten.htm","applicablePromotions":"promotion=1+1","variantDetails":"10048806|10048806|34|28x25 ml|5847|beauty/10048806/elasten.htm|product.stockStatus.available","stockStatus":"","stockStatusReason":"product.stockStatus.available","inStock":true,"pricePerUnit":"83,53 € / l","discountInPercent":34,"created":1445164529000,"lastChanged":1598579588000,"ratingsLink":"/produktbewertungen/10048806/elasten.htm","ean":"4260619720003","RPMultiplier":1,"ribbonText":"Aktion","primaryCategory":["Die Online-Apotheke für Deutschland","Die Online-Apotheke für Deutschland/Beauty & Pflege","Die Online-Apotheke für Deutschland/Beauty & Pflege/Hautbedürfnisse","Die Online-Apotheke für Deutschland/Beauty & Pflege/Hautbedürfnisse/Anti-Age"],"topsellerCountBucket":12,"filterAttributes":["Lebensmittel","Nahrungsergänzungsmittel","ABO"],"filterRating":0.64,"packSize":"28x25 ml","variants":[{"id":"10048806","text":"Natürlich schöne Haut von innen","webDetailPath":"beauty/10048806/elasten.htm","stock":"product.stockStatus.available","active":true,"discount":"34","retailPrice":"5847","listPrice":"8900","packSize":"28x25 ml","nowProductGroup":"nextday","attributes":["Lebensmittel","Nahrungsergänzungsmittel","ABO"],"productName":"ELASTEN® + 5 Ampullen ELASTEN® GRATIS","pricePerUnit":"83,53 € / l","imageUrl":"https://cdn.shop-apotheke.com/images/elasten-trinkampullen-D10048806-p1.jpg","pharmaForm":"Trinkampullen","ribbonText":"Aktion","RPMultiplier":"1"},{"id":"15233744","text":"Natürlich schöne Haut von innen","webDetailPath":"beauty/15233744/elasten.htm","stock":"product.stockStatus.nl","active":false,"discount":"34","retailPrice":"17545","listPrice":"26700","packSize":"3X28 St","nowProductGroup":"none","attributes":["Lebensmittel","Nahrungsergänzungsmittel"],"productName":"ELASTEN® ","pricePerUnit":"","imageUrl":"https://cdn.shop-apotheke.com/images/elasten-trinkampullen-D15233744-p1.jpg","pharmaForm":"Trinkampullen","ribbonText":"","RPMultiplier":"1"}],"master":true,"marketplace":true,"nowProductGroup":"nextday","notOnStockMessage":"","stockStatusColor":"green","categoryCodes":["csd00398","csd00615","csd00616","csd00001","csd00144","csd01088","csd00342","csd01370","csd02320","csd01439","csd01434","csd01450","csd02352","csd02369","csd02764","csd01447","csd02765","csd02770","csd02772","csd01454","csd02835","csd02836","csd01435","csd02959","csd03055","root","catalogs","main","landingpages","csd03058","csd02968","csd03289","csd03339","csd03461","csd03477","csd03489","csd03506","csd03570","csd03635","csd03692"],"prices":{"listPrice":{"amount":89,"net":76.72,"currency":"EUR","info":{"index":1,"text":"AVP / UVP"}},"retailPrice":{"amount":58.47,"net":50.41,"currency":"EUR","info":{"index":1,"text":"AVP / UVP"}}},"calculatedRatingRanking":4.19,"objectID":"10048806","_highlightResult":{"activeSubstances":[{"value":"Biotin","matchLevel":"none","matchedWords":[]},{"value":"Zink citrat","matchLevel":"none","matchedWords":[]},{"value":"<ais-highlight-0000000000>A</ais-highlight-0000000000>cerolafrucht-Extrakt (4:1); <ais-highlight-0000000000>A</ais-highlight-0000000000>uszugsmittel: Wasser","matchLevel":"full","fullyHighlighted":false,"matchedWords":["a"]},{"value":"Polypeptide <ais-highlight-0000000000>a</ais-highlight-0000000000>us Kollagen","matchLevel":"full","fullyHighlighted":false,"matchedWords":["a"]},{"value":"Tocopherolgemisch","matchLevel":"none","matchedWords":[]},{"value":"<ais-highlight-0000000000>A</ais-highlight-0000000000>scorbinsäure","matchLevel":"full","fullyHighlighted":false,"matchedWords":["a"]}]},"_rankingInfo":{"nbTypos":0,"firstMatchedWord":0,"proximityDistance":0,"userScore":199,"geoDistance":0,"geoPrecision":1,"nbExactWords":0,"words":1,"filters":1,"personalization":{"score":0,"rankingScore":0,"filtersScore":0,"textualRelevanceBucket":1,"initialPosition":101,"newPosition":101}}},{"brandCode":"csd03158","pzn":"08101153","productName":"nu3 Premium Eisen, Vegan","secondaryCategories":["Specials","Neujahrs-Special","Sportlernährstoffe","Eisen","Markenshops","nu3","Black Friday®","Black Friday RedPoints","Neujahrs-Special","RedPoints-Aktion","Landingpages","Adventskalender Türchen 18: nu3 Produkte","Landingpages","Abo Produkte","nu3","nu3 Gesundheit","Supplement Marken","nu3","Landingpages","SHOP APOTHEKE NOW!","Healthy Deals","RedPoints-Aktion"],"manufacturer":"nu3 GmbH","pharmaForm":"Kapseln","brand":"Nu3","brandIntern":"nu3","subBrandIntern":"","activeSubstances":[],"additiveSubstances":[],"additiveSubstancesHtml":"","descriptionShort":"Vegane Eisen-Kapseln mit hochwertigem Eisenbisglycinat Ferrochel & Vitamin C zur optimalen Versorgung","keywords":["eisen"],"unit":"St","unitQuantityString":"60","masterID":"08101153","indicationRanges":[],"ratingCount":11,"averageRating":4.36,"attributes":["vegetarisch","vegan","Lebensmittel","Nahrungsergänzungsmittel","ABO"],"prescriptionMedicine":false,"price":1999,"listPrice":0,"netRetailPrice":1904,"priceFormatted":"€ 19,99","listPriceFormatted":"","potency":"","ifap":"","image":"https://cdn.shop-apotheke.com/images/nu3-premium-eisen-vegan-kapseln-D08101153-p1.jpg","hasImage":true,"deeplink":"fitness/8101153/nu3-premium-eisen-vegan.htm","applicablePromotions":"","variantDetails":"08101153|08101153|0|60 St|1999|fitness/8101153/nu3-premium-eisen-vegan.htm|product.stockStatus.available","stockStatus":"","stockStatusReason":"product.stockStatus.available","inStock":true,"pricePerUnit":"","discountInPercent":0,"created":1533731752000,"lastChanged":1598570949000,"ratingsLink":"/produktbewertungen/8101153/nu3-premium-eisen-vegan.htm","ean":"4260289443127","RPMultiplier":1,"ribbonText":"","primaryCategory":["Die Online-Apotheke für Deutschland","Die Online-Apotheke für Deutschland/Arzneimittel & weitere Produkte ","Die Online-Apotheke für Deutschland/Arzneimittel & weitere Produkte /Vitamine & Mineralstoffe","Die Online-Apotheke für Deutschland/Arzneimittel & weitere Produkte /Vitamine & Mineralstoffe/Mineralstoffe & Spurenelemente","Die Online-Apotheke für Deutschland/Arzneimittel & weitere Produkte /Vitamine & Mineralstoffe/Mineralstoffe & Spurenelemente/Eisen"],"topsellerCountBucket":12,"filterAttributes":["vegetarisch","vegan","Lebensmittel","Nahrungsergänzungsmittel","ABO"],"filterRating":0.64,"packSize":"60 St","variants":[{"id":"08101153","text":"Vegane Eisen-Kapseln mit hochwertigem Eisenbisglycinat Ferrochel & Vitamin C zur optimalen Versorgung","webDetailPath":"fitness/8101153/nu3-premium-eisen-vegan.htm","stock":"product.stockStatus.available","active":true,"discount":"0","retailPrice":"1999","listPrice":"0","packSize":"60 St","nowProductGroup":"sameday_nextday","attributes":["vegetarisch","vegan","Lebensmittel","Nahrungsergänzungsmittel","ABO"],"productName":"nu3 Premium Eisen, Vegan","pricePerUnit":"","imageUrl":"https://cdn.shop-apotheke.com/images/nu3-premium-eisen-vegan-kapseln-D08101153-p1.jpg","pharmaForm":"Kapseln","ribbonText":"","RPMultiplier":"1"}],"master":true,"marketplace":true,"nowProductGroup":"sameday_nextday","notOnStockMessage":"","stockStatusColor":"green","categoryCodes":["csd00001","csd00324","csd00328","csd00331","csd01434","csd01461","root","catalogs","main","brandshop","csd03207","csd03208","csd03575","csd00283","csd03011","csd03274","csd02968","csd03288","landingpages","csd03339","csd03623","csd03629","csd02271","csd03671","csd03686","csd03692","csd03693"],"prices":{"listPrice":null,"retailPrice":{"amount":19.99,"net":19.04,"currency":"EUR","info":{"index":1,"text":"AVP / UVP"}}},"calculatedRatingRanking":2.84,"objectID":"08101153","_rankingInfo":{"nbTypos":0,"firstMatchedWord":0,"proximityDistance":0,"userScore":198,"geoDistance":0,"geoPrecision":1,"nbExactWords":0,"words":1,"filters":1,"personalization":{"score":0,"rankingScore":0,"filtersScore":0,"textualRelevanceBucket":1,"initialPosition":102,"newPosition":102}}},{"brandCode":"","pzn":"11286181","productName":"Loceryl® Nagellack gegen Nagelpilz mit DIREKT-Applikator","secondaryCategories":["Black Friday®","30% und mehr","Pilzinfektion","Nagelpilz","Landingpages","SHOP APOTHEKE NOW!","Healthy Deals","Healthy Deals Reiseapotheke","Landingpages","Healthy Deals App-Angebote","Healthy Deals","Healthy Deals Aktionsprodukte","Landingpages","RedPoints Sommeraktion","Landingpages","Sommerbeschwerden"],"manufacturer":"Galderma Laboratorium GmbH","pharmaForm":"Wirkstoffhaltiger Nagellack","brand":"","brandIntern":"Loceryl®","subBrandIntern":"","activeSubstances":["Amorolfin hydrochlorid"],"additiveSubstances":["Ethylacetat","Ammoniummethacrylat-Copolymer (Typ A)","Butylacetat","Triacetin","Ethanol"],"additiveSubstancesHtml":"<ul><li>Ethylacetat</li><li>Ammoniummethacrylat-Copolymer (Typ A)</li><li>Butylacetat</li><li>Triacetin</li><li>Ethanol</li></ul>","descriptionShort":"Bekämpft den Nagelpilz einfach, gründlich und effektiv","keywords":[],"unit":"ml","unitQuantityString":"5","masterID":"11286169","indicationRanges":["Antimykotika","Externa","Synthetika: Sonstige Monopräparate"],"ratingCount":263,"averageRating":4.35,"attributes":["apothekenpflichtig","Arzneimittel"],"prescriptionMedicine":false,"price":3800,"listPrice":5360,"netRetailPrice":3276,"priceFormatted":"€ 38,00","listPriceFormatted":"€ 53,60","potency":"","ifap":"Dieses Präparat ist ein Arzneimittel (Breitspektrum-Antimykotikum) zur Behandlung von Pilzerkrankungen (Mykosen) der Nägel ohne Beteiligung der Nagelwurzel (Nagelmatrix). Es enthält den Wirkstoff Amorolfin, ein Pilzmittel zur Bekämpfung einer Vielzahl verschiedener Pilze, die eine Nagelpilzinfektion hervorrufen können. Das Arzneimittel wird zur Behandlung von Nagelpilz angewendet bei einem Befall des Nagels von bis zu 80% (insbesondere im vorderen Bereich).","image":"https://cdn.shop-apotheke.com/images/loceryl-nagellack-gegen-nagelpilz-mit-direkt-applikator-wirkstoffhaltiger-nagellack-D11286181-p1.jpg","hasImage":true,"deeplink":"arzneimittel/11286181/loceryl-nagellack-gegen-nagelpilz-mit-direkt-applikator.htm","applicablePromotions":"","variantDetails":"11286169|11286181|29|5 ml|3800|arzneimittel/11286181/loceryl-nagellack-gegen-nagelpilz-mit-direkt-applikator.htm|product.stockStatus.available","stockStatus":"","stockStatusReason":"product.stockStatus.available","inStock":true,"pricePerUnit":"760,00 € / 100 ml","discountInPercent":29,"created":1470306006000,"lastChanged":1598591709000,"ratingsLink":"/produktbewertungen/11286181/loceryl-nagellack-gegen-nagelpilz-mit-direkt-applikator.htm","ean":"","RPMultiplier":1,"ribbonText":"","primaryCategory":["Die Online-Apotheke für Deutschland","Die Online-Apotheke für Deutschland/Arzneimittel & weitere Produkte ","Die Online-Apotheke für Deutschland/Arzneimittel & weitere Produkte /Haut, Haare & Nägel","Die Online-Apotheke für Deutschland/Arzneimittel & weitere Produkte /Haut, Haare & Nägel/Nägel","Die Online-Apotheke für Deutschland/Arzneimittel & weitere Produkte /Haut, Haare & Nägel/Nägel/Nagelpilz"],"topsellerCountBucket":12,"filterAttributes":[],"filterRating":0.65,"packSize":"5 ml","variants":[{"id":"11286175","text":"Bekämpft den Nagelpilz einfach, gründlich und effektiv","webDetailPath":"arzneimittel/11286175/loceryl-nagellack-gegen-nagelpilz-mit-direkt-applikator.htm","stock":"product.stockStatus.available","active":false,"discount":"30","retailPrice":"2448","listPrice":"3507","packSize":"3 ml","nowProductGroup":"sameday_nextday","attributes":["apothekenpflichtig","Arzneimittel"],"productName":"Loceryl® Nagellack gegen Nagelpilz mit DIREKT-Applikator","pricePerUnit":"816,00 € / 100 ml","imageUrl":"https://cdn.shop-apotheke.com/images/loceryl-nagellack-gegen-nagelpilz-mit-direkt-applikator-wirkstoffhaltiger-nagellack-D11286175-p1.jpg","pharmaForm":"Wirkstoffhaltiger Nagellack","ribbonText":"","RPMultiplier":"1"},{"id":"11286181","text":"Bekämpft den Nagelpilz einfach, gründlich und effektiv","webDetailPath":"arzneimittel/11286181/loceryl-nagellack-gegen-nagelpilz-mit-direkt-applikator.htm","stock":"product.stockStatus.available","active":false,"discount":"29","retailPrice":"3800","listPrice":"5360","packSize":"5 ml","nowProductGroup":"sameday_nextday","attributes":["apothekenpflichtig","Arzneimittel"],"productName":"Loceryl® Nagellack gegen Nagelpilz mit DIREKT-Applikator","pricePerUnit":"760,00 € / 100 ml","imageUrl":"https://cdn.shop-apotheke.com/images/loceryl-nagellack-gegen-nagelpilz-mit-direkt-applikator-wirkstoffhaltiger-nagellack-D11286181-p1.jpg","pharmaForm":"Wirkstoffhaltiger Nagellack","ribbonText":"","RPMultiplier":"1"},{"id":"11286169","text":"Bekämpft den Nagelpilz einfach, gründlich und effektiv","webDetailPath":"arzneimittel/11286169/loceryl-nagellack-gegen-nagelpilz-mit-direkt-applikator.htm","stock":"product.stockStatus.available","active":true,"discount":"24","retailPrice":"2225","listPrice":"2920","packSize":"2,5 ml","nowProductGroup":"sameday_nextday","attributes":["apothekenpflichtig","Arzneimittel"],"productName":"Loceryl® Nagellack gegen Nagelpilz mit DIREKT-Applikator","pricePerUnit":"890,00 € / 100 ml","imageUrl":"https://cdn.shop-apotheke.com/images/loceryl-nagellack-gegen-nagelpilz-mit-direkt-applikator-wirkstoffhaltiger-nagellack-D11286169-p1.jpg","pharmaForm":"Wirkstoffhaltiger Nagellack","ribbonText":"","RPMultiplier":"1"}],"master":false,"marketplace":false,"nowProductGroup":"sameday_nextday","notOnStockMessage":"","stockStatusColor":"green","categoryCodes":["csd00001","csd00144","csd00172","csd00174","csd01434","csd02271","csd02859","csd00158","csd00168","csd03108","root","catalogs","main","landingpages","csd03339","csd03461","csd02968","csd03569","csd03635","csd04003","csd04394"],"prices":{"listPrice":{"amount":53.6,"net":46.21,"currency":"EUR","info":{"index":1,"text":"AVP / UVP"}},"retailPrice":{"amount":38,"net":32.76,"currency":"EUR","info":{"index":1,"text":"AVP / UVP"}}},"calculatedRatingRanking":4.05,"objectID":"11286181","_highlightResult":{"activeSubstances":[{"value":"<ais-highlight-0000000000>A</ais-highlight-0000000000>morolfin hydrochlorid","matchLevel":"full","fullyHighlighted":false,"matchedWords":["a"]}]},"_rankingInfo":{"nbTypos":0,"firstMatchedWord":0,"proximityDistance":0,"userScore":197,"geoDistance":0,"geoPrecision":1,"nbExactWords":0,"words":1,"filters":1,"personalization":{"score":0,"rankingScore":0,"filtersScore":0,"textualRelevanceBucket":1,"initialPosition":103,"newPosition":103}}},{"brandCode":"","pzn":"15421635","productName":"Wobenzym® immun","secondaryCategories":["Landingpages","SHOP APOTHEKE NOW!"],"manufacturer":"MUCOS Pharma GmbH & Co. KG","pharmaForm":"Tabletten magensaftresistent","brand":"","brandIntern":"Wobenzym®","subBrandIntern":"Immun","activeSubstances":["Bromelain","Natriumselenit","Zink citrat","Ascorbinsäure","Colecalciferol","Quercetin","Traubenkern-Extrakt","Saccharomyces cerevisiae","DL-α-Tocopherol","Papain"],"additiveSubstances":["Hyprolose","Maltodextrin","Hypromellose","Ethylcellulose","Aromastoffe, natürlich, naturidentisch","Natrium alginat","Siliciumdioxid","Polydextrose","Cellulose","Speisefettsäuren, Magnesiumsalze","Gelatine","Stärke","Triglyceride, mittelkettige","Saccharose","Fettsäuren","Titandioxid","Talkum"],"additiveSubstancesHtml":"<ul><li>Hyprolose</li><li>Maltodextrin</li><li>Hypromellose</li><li>Ethylcellulose</li><li>Aromastoffe, natürlich, naturidentisch</li><li>Natrium alginat</li><li>Siliciumdioxid</li><li>Polydextrose</li><li>Cellulose</li><li>Speisefettsäuren, Magnesiumsalze</li><li>Gelatine</li><li>Stärke</li><li>Triglyceride, mittelkettige</li><li>Saccharose</li><li>Fettsäuren</li><li>Titandioxid</li><li>Talkum</li></ul>","descriptionShort":"Enzymkombination für Immunfunktion und Zellschutz","keywords":[],"unit":"St","unitQuantityString":"60","masterID":"15421635","indicationRanges":["Enzyme und Enzyminhibitoren","Enzyme","Entzündungshemmende Enzyme"],"ratingCount":31,"averageRating":4.32,"attributes":["Lebensmittel","Nahrungsergänzungsmittel"],"prescriptionMedicine":false,"price":1565,"listPrice":1958,"netRetailPrice":1490,"priceFormatted":"€ 15,65","listPriceFormatted":"€ 19,58","potency":"","ifap":"","image":"https://cdn.shop-apotheke.com/images/wobenzym-immun-tabletten-magensaftresistent-D15421635-p1.jpg","hasImage":true,"deeplink":"arzneimittel/15421635/wobenzym-immun.htm","applicablePromotions":"","variantDetails":"15421635|15421635|20|60 St|1565|arzneimittel/15421635/wobenzym-immun.htm|product.stockStatus.available","stockStatus":"","stockStatusReason":"product.stockStatus.available","inStock":true,"pricePerUnit":"","discountInPercent":20,"created":1573723040000,"lastChanged":1598572827000,"ratingsLink":"/produktbewertungen/15421635/wobenzym-immun.htm","ean":"4030142030609","RPMultiplier":1,"ribbonText":"","primaryCategory":["Die Online-Apotheke für Deutschland","Die Online-Apotheke für Deutschland/Arzneimittel & weitere Produkte ","Die Online-Apotheke für Deutschland/Arzneimittel & weitere Produkte /Vitamine & Mineralstoffe","Die Online-Apotheke für Deutschland/Arzneimittel & weitere Produkte /Vitamine & Mineralstoffe/Enzyme","Die Online-Apotheke für Deutschland/Arzneimittel & weitere Produkte /Vitamine & Mineralstoffe/Enzyme/weitere Enzyme"],"topsellerCountBucket":12,"filterAttributes":["Lebensmittel","Nahrungsergänzungsmittel"],"filterRating":0.68,"packSize":"60 St","variants":[{"id":"15421635","text":"Enzymkombination für Immunfunktion und Zellschutz","webDetailPath":"arzneimittel/15421635/wobenzym-immun.htm","stock":"product.stockStatus.available","active":true,"discount":"20","retailPrice":"1565","listPrice":"1958","packSize":"60 St","nowProductGroup":"sameday_nextday","attributes":["Lebensmittel","Nahrungsergänzungsmittel"],"productName":"Wobenzym® immun","pricePerUnit":"","imageUrl":"https://cdn.shop-apotheke.com/images/wobenzym-immun-tabletten-magensaftresistent-D15421635-p1.jpg","pharmaForm":"Tabletten magensaftresistent","ribbonText":"","RPMultiplier":"1"},{"id":"07368631","text":"Enzymkombination für Immunfunktion und Zellschutz","webDetailPath":"arzneimittel/7368631/wobenzym-immun.htm","stock":"product.stockStatus.available","active":false,"discount":"24","retailPrice":"2987","listPrice":"3923","packSize":"120 St","nowProductGroup":"sameday_nextday","attributes":["Lebensmittel","Nahrungsergänzungsmittel"],"productName":"Wobenzym® immun","pricePerUnit":"","imageUrl":"https://cdn.shop-apotheke.com/images/wobenzym-immun-tabletten-magensaftresistent-D07368631-p1.jpg","pharmaForm":"Tabletten magensaftresistent","ribbonText":"","RPMultiplier":"1"},{"id":"07368648","text":"Enzymkombination für Immunfunktion und Zellschutz","webDetailPath":"arzneimittel/7368648/wobenzym-immun.htm","stock":"product.stockStatus.available","active":false,"discount":"23","retailPrice":"5407","listPrice":"7061","packSize":"240 St","nowProductGroup":"sameday_nextday","attributes":["Lebensmittel","Nahrungsergänzungsmittel"],"productName":"Wobenzym® immun","pricePerUnit":"","imageUrl":"https://cdn.shop-apotheke.com/images/wobenzym-immun-tabletten-magensaftresistent-D07368648-p1.jpg","pharmaForm":"Tabletten magensaftresistent","ribbonText":"","RPMultiplier":"1"}],"master":true,"marketplace":true,"nowProductGroup":"sameday_nextday","notOnStockMessage":"","stockStatusColor":"green","categoryCodes":["csd00001","csd00324","csd00325","csd00327","root","catalogs","main","landingpages","csd03339"],"prices":{"listPrice":{"amount":19.58,"net":18.65,"currency":"EUR","info":{"index":1,"text":"AVP / UVP"}},"retailPrice":{"amount":15.65,"net":14.9,"currency":"EUR","info":{"index":1,"text":"AVP / UVP"}}},"calculatedRatingRanking":3.2,"objectID":"15421635","_highlightResult":{"activeSubstances":[{"value":"Bromelain","matchLevel":"none","matchedWords":[]},{"value":"Natriumselenit","matchLevel":"none","matchedWords":[]},{"value":"Zink citrat","matchLevel":"none","matchedWords":[]},{"value":"<ais-highlight-0000000000>A</ais-highlight-0000000000>scorbinsäure","matchLevel":"full","fullyHighlighted":false,"matchedWords":["a"]},{"value":"Colecalciferol","matchLevel":"none","matchedWords":[]},{"value":"Quercetin","matchLevel":"none","matchedWords":[]},{"value":"Traubenkern-Extrakt","matchLevel":"none","matchedWords":[]},{"value":"Saccharomyces cerevisiae","matchLevel":"none","matchedWords":[]},{"value":"DL-α-Tocopherol","matchLevel":"none","matchedWords":[]},{"value":"Papain","matchLevel":"none","matchedWords":[]}]},"_rankingInfo":{"nbTypos":0,"firstMatchedWord":0,"proximityDistance":0,"userScore":196,"geoDistance":0,"geoPrecision":1,"nbExactWords":0,"words":1,"filters":1,"personalization":{"score":0,"rankingScore":0,"filtersScore":0,"textualRelevanceBucket":1,"initialPosition":104,"newPosition":104}}},{"brandCode":"csd2364","pzn":"08907142","productName":"Ciclopoli® gegen Nagelpilz","secondaryCategories":["Black Friday®","30% und mehr","Pilzinfektion","Nagelpilz","Healthy Deals","Healthy Deals Reiseapotheke","Landingpages","Mai Aktion","Landingpages","Mai Kracher","Healthy Deals","Healthy Deals Aktionsprodukte","Landingpages","RedPoints Sommeraktion","Landingpages","Healthy Deals App-Angebote"],"manufacturer":"Almirall Hermal GmbH","pharmaForm":"Wirkstoffhaltiger Nagellack","brand":"Ciclopoli","brandIntern":"Ciclopoli® ","subBrandIntern":"","activeSubstances":["Ciclopirox"],"additiveSubstances":["Ethylacetat","Hydroxypropyl chitosan","Cetylstearylalkohol (pflanzlich)","Wasser, gereinigtes","Ethanol 96% (V/V)"],"additiveSubstancesHtml":"<ul><li>Ethylacetat</li><li>Hydroxypropyl chitosan</li><li>Cetylstearylalkohol (pflanzlich)</li><li>Wasser, gereinigtes</li><li>Ethanol 96% (V/V)</li></ul>","descriptionShort":"Zur Anwendung bei Nagelpilz","keywords":[],"unit":"ml","unitQuantityString":"6,6","masterID":"08907113","indicationRanges":["Antimykotika","Externa","Synthetika: Sonstige Monopräparate"],"ratingCount":436,"averageRating":4.32,"attributes":["apothekenpflichtig","Arzneimittel"],"prescriptionMedicine":false,"price":3401,"listPrice":4279,"netRetailPrice":2932,"priceFormatted":"€ 34,01","listPriceFormatted":"€ 42,79","potency":"","ifap":"Das Präparat ist ein breit wirkendes pilztötendes Arzneimittel (Breitspektrum-Antimykotikum). Es wird zur Behandlung von Pilzerkrankungen der Nägel (Onychomykose) angewandt, die durch Fadenpilze und/oder andere Pilze, die mit Ciclopirox behandelt werden können, verursacht wurden. Der Wirkstoff Ciclopirox hindert die Pilze am Wachstum und tötet sie ab. Dadurch wird das Aussehen Ihrer Nägel verbessert.","image":"https://cdn.shop-apotheke.com/images/ciclopoli-gegen-nagelpilz-wirkstoffhaltiger-nagellack-D08907142-p1.jpg","hasImage":true,"deeplink":"arzneimittel/8907142/ciclopoli-gegen-nagelpilz.htm","applicablePromotions":"","variantDetails":"08907113|08907142|21|6,6 ml|3401|arzneimittel/8907142/ciclopoli-gegen-nagelpilz.htm|product.stockStatus.available","stockStatus":"","stockStatusReason":"product.stockStatus.available","inStock":true,"pricePerUnit":"515,30 € / 100 ml","discountInPercent":21,"created":1445177434000,"lastChanged":1598578226000,"ratingsLink":"/produktbewertungen/8907142/ciclopoli-gegen-nagelpilz.htm","ean":"","RPMultiplier":1,"ribbonText":"","primaryCategory":["Die Online-Apotheke für Deutschland","Die Online-Apotheke für Deutschland/Arzneimittel & weitere Produkte ","Die Online-Apotheke für Deutschland/Arzneimittel & weitere Produkte /Haut, Haare & Nägel","Die Online-Apotheke für Deutschland/Arzneimittel & weitere Produkte /Haut, Haare & Nägel/Nägel","Die Online-Apotheke für Deutschland/Arzneimittel & weitere Produkte /Haut, Haare & Nägel/Nägel/Nagelpilz"],"topsellerCountBucket":12,"filterAttributes":[],"filterRating":0.68,"packSize":"6,6 ml","variants":[{"id":"08907142","text":"Zur Anwendung bei Nagelpilz","webDetailPath":"arzneimittel/8907142/ciclopoli-gegen-nagelpilz.htm","stock":"product.stockStatus.available","active":false,"discount":"21","retailPrice":"3401","listPrice":"4279","packSize":"6,6 ml","nowProductGroup":"sameday_nextday","attributes":["apothekenpflichtig","Arzneimittel"],"productName":"Ciclopoli® gegen Nagelpilz","pricePerUnit":"515,30 € / 100 ml","imageUrl":"https://cdn.shop-apotheke.com/images/ciclopoli-gegen-nagelpilz-wirkstoffhaltiger-nagellack-D08907142-p1.jpg","pharmaForm":"Wirkstoffhaltiger Nagellack","ribbonText":"","RPMultiplier":"1"},{"id":"08907113","text":"Zur Anwendung bei Nagelpilz","webDetailPath":"arzneimittel/8907113/ciclopoli-gegen-nagelpilz.htm","stock":"product.stockStatus.available","active":true,"discount":"20","retailPrice":"2180","listPrice":"2725","packSize":"3,3 ml","nowProductGroup":"none","attributes":["apothekenpflichtig","Arzneimittel"],"productName":"Ciclopoli® gegen Nagelpilz","pricePerUnit":"660,61 € / 100 ml","imageUrl":"https://cdn.shop-apotheke.com/images/ciclopoli-gegen-nagelpilz-wirkstoffhaltiger-nagellack-D08907113-p1.jpg","pharmaForm":"Wirkstoffhaltiger Nagellack","ribbonText":"","RPMultiplier":"1"}],"master":false,"marketplace":false,"nowProductGroup":"sameday_nextday","notOnStockMessage":"","stockStatusColor":"green","categoryCodes":["csd00001","csd00144","csd00172","csd00174","csd01434","csd02271","csd02859","csd00158","csd00168","csd03108","root","catalogs","main","landingpages","csd03461","csd02968","csd03569","csd03635","csd03995","csd03997","csd04394"],"prices":{"listPrice":{"amount":42.79,"net":36.89,"currency":"EUR","info":{"index":1,"text":"AVP / UVP"}},"retailPrice":{"amount":34.01,"net":29.32,"currency":"EUR","info":{"index":1,"text":"AVP / UVP"}}},"calculatedRatingRanking":4.13,"objectID":"08907142","_highlightResult":{"activeSubstances":[{"value":"Ciclopirox","matchLevel":"none","matchedWords":[]}]},"_rankingInfo":{"nbTypos":0,"firstMatchedWord":0,"proximityDistance":0,"userScore":195,"geoDistance":0,"geoPrecision":1,"nbExactWords":0,"words":1,"filters":1,"personalization":{"score":0,"rankingScore":0,"filtersScore":0,"textualRelevanceBucket":1,"initialPosition":105,"newPosition":105}}},{"brandCode":"csd03163","pzn":"08102320","productName":"BEAVITA Sättigungskapseln Sparset","secondaryCategories":["Abnehmen","Nahrungsergänzungsmittel","Pflanzlich","Abnehmen","Markenshops","BEAVITA","Geschenke Themenwelt","Gesundheit schenken","Black Friday®","Black Friday RedPoints","Healthy Deals","Healthy Deals Ernährung, Sport & Abnehmen","Landingpages","Healthy Deals App-Angebote"],"manufacturer":"nu3 GmbH","pharmaForm":"Kapseln","brand":"BEAVITA","brandIntern":"BEAVITA","subBrandIntern":"","activeSubstances":[],"additiveSubstances":[],"additiveSubstancesHtml":"","descriptionShort":"Zur unterstützenden Behandlung von Übergewicht und zur Gewichtskontrolle","keywords":["Diät","abnehmen","reduktionsdiät","Sättigung"],"unit":"St","unitQuantityString":"3X120","masterID":"08102320","indicationRanges":[],"ratingCount":23,"averageRating":3.7,"attributes":[],"prescriptionMedicine":false,"price":5525,"listPrice":5847,"netRetailPrice":4763,"priceFormatted":"€ 55,25","listPriceFormatted":"€ 58,47","potency":"","ifap":"","image":"https://cdn.shop-apotheke.com/images/beavita-saettigungskapseln-sparset-kapseln-D08102320-p1.jpg","hasImage":true,"deeplink":"fitness/8102320/beavita-saettigungskapseln-sparset.htm","applicablePromotions":"promotion=Sparsets","variantDetails":"08102320|08102320|6|3X120 St|5525|fitness/8102320/beavita-saettigungskapseln-sparset.htm|product.stockStatus.available","stockStatus":"","stockStatusReason":"product.stockStatus.available","inStock":true,"pricePerUnit":"","discountInPercent":6,"created":1541406025000,"lastChanged":1598591472000,"ratingsLink":"/produktbewertungen/8102320/beavita-saettigungskapseln-sparset.htm","ean":"","RPMultiplier":1,"ribbonText":"Sparset","primaryCategory":["Die Online-Apotheke für Deutschland","Die Online-Apotheke für Deutschland/Ernährung, Sport & Abnehmen","Die Online-Apotheke für Deutschland/Ernährung, Sport & Abnehmen/Abnehmen","Die Online-Apotheke für Deutschland/Ernährung, Sport & Abnehmen/Abnehmen/Appetitzügler & Fettbinder"],"topsellerCountBucket":12,"filterAttributes":[],"filterRating":1.3,"packSize":"3X120 St","variants":[{"id":"08102320","text":"Zur unterstützenden Behandlung von Übergewicht und zur Gewichtskontrolle","webDetailPath":"fitness/8102320/beavita-saettigungskapseln-sparset.htm","stock":"product.stockStatus.available","active":true,"discount":"6","retailPrice":"5525","listPrice":"5847","packSize":"3X120 St","nowProductGroup":"sameday_nextday","attributes":[],"productName":"BEAVITA Sättigungskapseln Sparset","pricePerUnit":"","imageUrl":"https://cdn.shop-apotheke.com/images/beavita-saettigungskapseln-sparset-kapseln-D08102320-p1.jpg","pharmaForm":"Kapseln","ribbonText":"Sparset","RPMultiplier":"1"}],"master":true,"marketplace":false,"nowProductGroup":"sameday_nextday","notOnStockMessage":"","stockStatusColor":"green","categoryCodes":["csd03575","csd00003","csd02821","csd00009","csd00850","csd00851","csd00884","csd00885","csd02764","csd02770","csd01458","root","catalogs","main","brandshop","csd03319","landingpages","csd03461","csd00001","csd01434","csd02968","csd03571","csd02271","csd03671"],"prices":{"listPrice":{"amount":58.47,"net":50.41,"currency":"EUR","info":{"index":1,"text":"AVP / UVP"}},"retailPrice":{"amount":55.25,"net":47.63,"currency":"EUR","info":{"index":1,"text":"AVP / UVP"}}},"calculatedRatingRanking":2.88,"objectID":"08102320","_rankingInfo":{"nbTypos":0,"firstMatchedWord":0,"proximityDistance":0,"userScore":194,"geoDistance":0,"geoPrecision":1,"nbExactWords":0,"words":1,"filters":1,"personalization":{"score":0,"rankingScore":0,"filtersScore":0,"textualRelevanceBucket":1,"initialPosition":106,"newPosition":106}}},{"brandCode":"csd03155","pzn":"08101223","productName":"BOTANICY Red Chili Burner","secondaryCategories":["Specials","Neujahrs-Special","Landingpages","Fit in den Frühling","UNSERE ADVENTS-ÜBERASCHUNG EXKLUSIV FÜR UNSERE BESTEN KUNDEN.","Advent 4","Landingpages","Vorsatz: Abnehmen","Landingpages","Angebote aus der App-otheke ","Landingpages","SHOP APOTHEKE NOW!"],"manufacturer":"Feelgood","pharmaForm":"Kapseln","brand":"BOTANICY","brandIntern":"Feelgood Shop","subBrandIntern":"BOTANICY","activeSubstances":[],"additiveSubstances":[],"additiveSubstancesHtml":"","descriptionShort":"Unser schärfster Tipp zum Abnehmen!","keywords":["Red Chilie","Fatburner","Fettverbrennung","Capsaicin","Diät","Abnehmen","Appetitzügler"],"unit":"St","unitQuantityString":"60","masterID":"08101223","indicationRanges":[],"ratingCount":12,"averageRating":2.75,"attributes":["vegan","Nahrungsergänzungsmittel"],"prescriptionMedicine":false,"price":2299,"listPrice":2299,"netRetailPrice":2190,"priceFormatted":"€ 22,99","listPriceFormatted":"€ 22,99","potency":"","ifap":"","image":"https://cdn.shop-apotheke.com/images/botanicy-red-chili-burner-kapseln-D08101223-p1.jpg","hasImage":true,"deeplink":"fitness/8101223/botanicy-red-chili-burner.htm","applicablePromotions":"","variantDetails":"08101223|08101223|0|60 St|2299|fitness/8101223/botanicy-red-chili-burner.htm|product.stockStatus.available","stockStatus":"","stockStatusReason":"product.stockStatus.available","inStock":true,"pricePerUnit":"","discountInPercent":0,"created":1532607921000,"lastChanged":1598570952000,"ratingsLink":"/produktbewertungen/8101223/botanicy-red-chili-burner.htm","ean":"4260408794796","RPMultiplier":1,"ribbonText":"","primaryCategory":["Die Online-Apotheke für Deutschland","Die Online-Apotheke für Deutschland/Ernährung, Sport & Abnehmen","Die Online-Apotheke für Deutschland/Ernährung, Sport & Abnehmen/Abnehmen","Die Online-Apotheke für Deutschland/Ernährung, Sport & Abnehmen/Abnehmen/Appetitzügler & Fettbinder"],"topsellerCountBucket":12,"filterAttributes":["vegan","Nahrungsergänzungsmittel"],"filterRating":2.25,"packSize":"60 St","variants":[{"id":"08101223","text":"Unser schärfster Tipp zum Abnehmen!","webDetailPath":"fitness/8101223/botanicy-red-chili-burner.htm","stock":"product.stockStatus.available","active":true,"discount":"0","retailPrice":"2299","listPrice":"2299","packSize":"60 St","nowProductGroup":"sameday_nextday","attributes":["vegan","Nahrungsergänzungsmittel"],"productName":"BOTANICY Red Chili Burner","pricePerUnit":"","imageUrl":"https://cdn.shop-apotheke.com/images/botanicy-red-chili-burner-kapseln-D08101223-p1.jpg","pharmaForm":"Kapseln","ribbonText":"","RPMultiplier":"1"}],"master":true,"marketplace":true,"nowProductGroup":"sameday_nextday","notOnStockMessage":"","stockStatusColor":"green","categoryCodes":["csd03575","csd00003","csd02821","csd00001","csd01434","csd01461","root","catalogs","main","landingpages","csd03291","csd03339","csd03646","csd03645","csd03684","csd03688"],"prices":{"listPrice":{"amount":22.99,"net":21.9,"currency":"EUR","info":{"index":1,"text":"AVP / UVP"}},"retailPrice":{"amount":22.99,"net":21.9,"currency":"EUR","info":{"index":1,"text":"AVP / UVP"}}},"calculatedRatingRanking":2.55,"objectID":"08101223","_rankingInfo":{"nbTypos":0,"firstMatchedWord":0,"proximityDistance":0,"userScore":193,"geoDistance":0,"geoPrecision":1,"nbExactWords":0,"words":1,"filters":1,"personalization":{"score":0,"rankingScore":0,"filtersScore":0,"textualRelevanceBucket":1,"initialPosition":107,"newPosition":107}}},{"brandCode":"","pzn":"15889479","productName":"Roger & Gallet Handcreme-Set: Fleur dOsmanthus, Fleur de Figuier, Gingembre Rouge","secondaryCategories":["Weihnachts-Special","Besonders bezaubernde Geschenksets","Geschenke aus der Apotheke","Geschenksets","Oster-Special","Geschenksets zu Ostern","Valentins-Special","Geschenksets für Sie & Ihn","Valentinstag-Special","Valentinstagsgeschenksets","Black Friday®","Geschenksets","Muttertags-Special","Geschenksets zum Muttertag","Black Friday®","Geschenke für Sie","Landingpages","Adventskalender Türchen 11","Geschenke für Sie & Ihn","Geschenke für Sie","Specials","Muttertags-Special","Valentinstag-Special","Valentinstagsgeschenke für Frauen","Oster-Special","Geschenke für Sie","Redirects","Geschenke für die Dame","Muttertags-Special","Muttertags-Geschenke","Landingpages","SHOP APOTHEKE NOW!"],"manufacturer":"L'Oreal Deutschland GmbH - Roger & Gallet","pharmaForm":"Creme","brand":"","brandIntern":"ROGER & GALLET","subBrandIntern":"Fleur d'Osmanthus ","activeSubstances":[],"additiveSubstances":[],"additiveSubstancesHtml":"","descriptionShort":"Zur Pflege der Hände und Nägel","keywords":[],"unit":"St","unitQuantityString":"1","masterID":"15889479","indicationRanges":[],"ratingCount":2,"averageRating":2,"attributes":[],"prescriptionMedicine":false,"price":1482,"listPrice":1900,"netRetailPrice":1278,"priceFormatted":"€ 14,82","listPriceFormatted":"€ 19,00","potency":"","ifap":"","image":"https://cdn.shop-apotheke.com/images/roger-gallet-handcreme-set-fleur-dosmanthus-fleur-de-figuier-gingembre-rouge-creme-D15889479-p1.jpg","hasImage":true,"deeplink":"beauty/15889479/roger-gallet-handcreme-set-fleur-dosmanthus-fleur-de-figuier-gingembre-rouge.htm","applicablePromotions":"","variantDetails":"15889479|15889479|22|1 St|1482|beauty/15889479/roger-gallet-handcreme-set-fleur-dosmanthus-fleur-de-figuier-gingembre-rouge.htm|product.stockStatus.available","stockStatus":"","stockStatusReason":"product.stockStatus.available","inStock":true,"pricePerUnit":"","discountInPercent":22,"created":1571404390000,"lastChanged":1598572901000,"ratingsLink":"/produktbewertungen/15889479/roger-gallet-handcreme-set-fleur-dosmanthus-fleur-de-figuier-gingembre-rouge.htm","ean":"3337875685993","RPMultiplier":1,"ribbonText":"","primaryCategory":["Die Online-Apotheke für Deutschland","Die Online-Apotheke für Deutschland/Beauty & Pflege","Die Online-Apotheke für Deutschland/Beauty & Pflege/Naturkosmetik","Die Online-Apotheke für Deutschland/Beauty & Pflege/Naturkosmetik/Roger & Gallet","Die Online-Apotheke für Deutschland/Beauty & Pflege/Naturkosmetik/Roger & Gallet/Körperpflege"],"topsellerCountBucket":12,"filterAttributes":[],"filterRating":3,"packSize":"1 St","variants":[{"id":"15889479","text":"Zur Pflege der Hände und Nägel","webDetailPath":"beauty/15889479/roger-gallet-handcreme-set-fleur-dosmanthus-fleur-de-figuier-gingembre-rouge.htm","stock":"product.stockStatus.available","active":true,"discount":"22","retailPrice":"1482","listPrice":"1900","packSize":"1 St","nowProductGroup":"sameday_nextday","attributes":[],"productName":"Roger & Gallet Handcreme-Set: Fleur dOsmanthus, Fleur de Figuier, Gingembre Rouge","pricePerUnit":"","imageUrl":"https://cdn.shop-apotheke.com/images/roger-gallet-handcreme-set-fleur-dosmanthus-fleur-de-figuier-gingembre-rouge-creme-D15889479-p1.jpg","pharmaForm":"Creme","ribbonText":"","RPMultiplier":"1"}],"master":true,"marketplace":true,"nowProductGroup":"sameday_nextday","notOnStockMessage":"","stockStatusColor":"green","categoryCodes":["csd00398","csd00668","csd00816","csd00818","csd02320","csd01439","csd01446","csd01448","csd00001","csd01434","csd01450","csd02764","csd01457","csd02271","csd02276","csd02352","csd02369","csd01447","csd02765","csd01454","csd02776","csd02956","csd01435","csd02959","csd03054","csd03055","csd03337","root","catalogs","main","landingpages","csd03339","csd03669","csd03681"],"prices":{"listPrice":{"amount":19,"net":16.38,"currency":"EUR","info":{"index":1,"text":"AVP / UVP"}},"retailPrice":{"amount":14.82,"net":12.78,"currency":"EUR","info":{"index":1,"text":"AVP / UVP"}}},"calculatedRatingRanking":2.48,"objectID":"15889479","_rankingInfo":{"nbTypos":0,"firstMatchedWord":0,"proximityDistance":0,"userScore":192,"geoDistance":0,"geoPrecision":1,"nbExactWords":0,"words":1,"filters":1,"personalization":{"score":0,"rankingScore":0,"filtersScore":0,"textualRelevanceBucket":1,"initialPosition":108,"newPosition":108}}},{"brandCode":"","pzn":"16261257","productName":"Velgastin® Blähungen Suspension","secondaryCategories":["Magen & Darm","Blähungen & Krämpfe"],"manufacturer":"Engelhard Arzneimittel GmbH & Co.KG","pharmaForm":"Suspension zum Einnehmen","brand":"","brandIntern":"Velgastin®","subBrandIntern":"","activeSubstances":["Simeticon"],"additiveSubstances":["Bananen-Aroma","PEG-25 glyceroltrioleat","Saccharin natrium","Aluminium-Magnesium-silicat","Wasser, gereinigtes","Hyetellose","Citronensäure","Macrogol 6000","Sorbinsäure","Kalium sorbat","Natrium cyclamat"],"additiveSubstancesHtml":"<ul><li>Bananen-Aroma</li><li>PEG-25 glyceroltrioleat</li><li>Saccharin natrium</li><li>Aluminium-Magnesium-silicat</li><li>Wasser, gereinigtes</li><li>Hyetellose</li><li>Citronensäure</li><li>Macrogol 6000</li><li>Sorbinsäure</li><li>Kalium sorbat</li><li>Natrium cyclamat</li></ul>","descriptionShort":"Zur Einnahme bei Blähungen","keywords":["Blähungen","Blähbauch","Koliken","Säuglingskoliken"],"unit":"ml","unitQuantityString":"30","masterID":"16261257","indicationRanges":["Magen-Darm-wirksame Pharmaka","Karminativa","Karminativa, enzym- und azidafrei"],"ratingCount":0,"averageRating":0,"attributes":["apothekenpflichtig","Arzneimittel"],"prescriptionMedicine":false,"price":398,"listPrice":498,"netRetailPrice":343,"priceFormatted":"€ 3,98","listPriceFormatted":"€ 4,98","potency":"","ifap":"Das Arzneimittel ist ein Entschäumer: der enthaltene Wirkstoff bewirkt das Zerplatzen von Gasblasen im Magen-Darm-Trakt. Das Präparat wird angewendetzur symptomatischen Behandlung gasbedingter Magen-Darm-Beschwerden, z. B. Blähungen (Meteorismus) und Völlegefühl, zur Vorbereitung von Untersuchungen im Bauchbereich, wie z. B. Röntgen und Sonographie.","image":"https://cdn.shop-apotheke.com/images/velgastin-blaehungen-suspension-suspension-zum-einnehmen-D16261257-p1.jpg","hasImage":true,"deeplink":"baby/16261257/velgastin-blaehungen-suspension.htm","applicablePromotions":"","variantDetails":"16261257|16261257|20|30 ml|398|baby/16261257/velgastin-blaehungen-suspension.htm|product.stockStatus.available","stockStatus":"","stockStatusReason":"product.stockStatus.available","inStock":true,"pricePerUnit":"13,27 € / 100 ml","discountInPercent":20,"created":1588230188000,"lastChanged":1598572960000,"ratingsLink":"/produktbewertungen/16261257/velgastin-blaehungen-suspension.htm","ean":"","RPMultiplier":1,"ribbonText":"","primaryCategory":["Die Online-Apotheke für Deutschland","Die Online-Apotheke für Deutschland/Baby & Familie","Die Online-Apotheke für Deutschland/Baby & Familie/Rund ums Baby","Die Online-Apotheke für Deutschland/Baby & Familie/Rund ums Baby/Baby- & Kindergesundheit","Die Online-Apotheke für Deutschland/Baby & Familie/Rund ums Baby/Baby- & Kindergesundheit/Magen & Darm"],"topsellerCountBucket":12,"filterAttributes":[],"filterRating":5,"packSize":"30 ml","variants":[{"id":"16261257","text":"Zur Einnahme bei Blähungen","webDetailPath":"baby/16261257/velgastin-blaehungen-suspension.htm","stock":"product.stockStatus.available","active":true,"discount":"20","retailPrice":"398","listPrice":"498","packSize":"30 ml","nowProductGroup":"sameday_nextday","attributes":["apothekenpflichtig","Arzneimittel"],"productName":"Velgastin® Blähungen Suspension","pricePerUnit":"13,27 € / 100 ml","imageUrl":"https://cdn.shop-apotheke.com/images/velgastin-blaehungen-suspension-suspension-zum-einnehmen-D16261257-p1.jpg","pharmaForm":"Suspension zum Einnehmen","ribbonText":"","RPMultiplier":"1"}],"master":true,"marketplace":false,"nowProductGroup":"sameday_nextday","notOnStockMessage":"","stockStatusColor":"green","categoryCodes":["csd00362","csd02667","csd00372","csd00375","csd00001","csd00219","csd00221"],"prices":{"listPrice":{"amount":4.98,"net":4.29,"currency":"EUR","info":{"index":1,"text":"AVP / UVP"}},"retailPrice":{"amount":3.98,"net":3.43,"currency":"EUR","info":{"index":1,"text":"AVP / UVP"}}},"calculatedRatingRanking":2.5,"objectID":"16261257","_highlightResult":{"activeSubstances":[{"value":"Simeticon","matchLevel":"none","matchedWords":[]}]},"_rankingInfo":{"nbTypos":0,"firstMatchedWord":0,"proximityDistance":0,"userScore":191,"geoDistance":0,"geoPrecision":1,"nbExactWords":0,"words":1,"filters":1,"personalization":{"score":0,"rankingScore":0,"filtersScore":0,"textualRelevanceBucket":1,"initialPosition":109,"newPosition":109}}},{"brandCode":"","pzn":"14179698","productName":"Kneipp® Mein kleines Massageset Geschenkset","secondaryCategories":["Kneipp","Körperpflege","Wellness","Massageöle","Geschenke Themenwelt","Wellness schenken","Geschenke aus der Apotheke","Geschenksets","Valentins-Special","Geschenksets für Sie & Ihn","Valentinstag-Special","Valentinstagsgeschenksets","Black Friday®","Geschenksets","Muttertags-Special","Geschenksets zum Muttertag","Oster-Special","Geschenksets zu Ostern","Black Friday®","Geschenke für Sie","Geschenke für Sie & Ihn","Geschenke für Sie","Specials","Muttertags-Special","Valentinstag-Special","Valentinstagsgeschenke für Frauen","Oster-Special","Geschenke für Sie","Redirects","Geschenke für die Dame","Muttertags-Special","Muttertags-Geschenke","Landingpages","SHOP APOTHEKE NOW!"],"manufacturer":"Kneipp GmbH","pharmaForm":"Körperpflege","brand":"","brandIntern":"Kneipp®","subBrandIntern":"","activeSubstances":[],"additiveSubstances":[],"additiveSubstancesHtml":"","descriptionShort":"Für ein weiches und geschmeidiges Hautgefühl","keywords":[],"unit":"ml","unitQuantityString":"3X20","masterID":"14179698","indicationRanges":[],"ratingCount":0,"averageRating":0,"attributes":[],"prescriptionMedicine":false,"price":522,"listPrice":650,"netRetailPrice":450,"priceFormatted":"€ 5,22","listPriceFormatted":"€ 6,50","potency":"","ifap":"","image":"https://cdn.shop-apotheke.com/images/kneipp-mein-kleines-massageset-geschenkset-koerperpflege-D14179698-p1.jpg","hasImage":true,"deeplink":"beauty/14179698/kneipp-mein-kleines-massageset-geschenkset.htm","applicablePromotions":"","variantDetails":"14179698|14179698|20|3X20 ml|522|beauty/14179698/kneipp-mein-kleines-massageset-geschenkset.htm|product.stockStatus.available","stockStatus":"","stockStatusReason":"product.stockStatus.available","inStock":true,"pricePerUnit":"8,70 € / 100 ml","discountInPercent":20,"created":1537279846000,"lastChanged":1598572645000,"ratingsLink":"/produktbewertungen/14179698/kneipp-mein-kleines-massageset-geschenkset.htm","ean":"4008233150161","RPMultiplier":1,"ribbonText":"","primaryCategory":["Die Online-Apotheke für Deutschland","Die Online-Apotheke für Deutschland/Beauty & Pflege","Die Online-Apotheke für Deutschland/Beauty & Pflege/Pflegende Kosmetik","Die Online-Apotheke für Deutschland/Beauty & Pflege/Pflegende Kosmetik/Kneipp","Die Online-Apotheke für Deutschland/Beauty & Pflege/Pflegende Kosmetik/Kneipp/Geschenkset"],"topsellerCountBucket":12,"filterAttributes":[],"filterRating":5,"packSize":"3X20 ml","variants":[{"id":"14179698","text":"Für ein weiches und geschmeidiges Hautgefühl","webDetailPath":"beauty/14179698/kneipp-mein-kleines-massageset-geschenkset.htm","stock":"product.stockStatus.available","active":true,"discount":"20","retailPrice":"522","listPrice":"650","packSize":"3X20 ml","nowProductGroup":"sameday_nextday","attributes":[],"productName":"Kneipp® Mein kleines Massageset Geschenkset","pricePerUnit":"8,70 € / 100 ml","imageUrl":"https://cdn.shop-apotheke.com/images/kneipp-mein-kleines-massageset-geschenkset-koerperpflege-D14179698-p1.jpg","pharmaForm":"Körperpflege","ribbonText":"","RPMultiplier":"1"}],"master":true,"marketplace":false,"nowProductGroup":"sameday_nextday","notOnStockMessage":"","stockStatusColor":"green","categoryCodes":["csd00398","csd01229","csd00628","csd00630","csd02291","csd00304","csd00633","csd02320","csd01439","csd01446","csd01448","csd00001","csd01434","csd01450","csd02764","csd01457","csd02271","csd02276","csd02352","csd02369","csd01447","csd02765","csd02770","csd02771","csd02956","csd01435","csd02959","csd03054","csd03055","csd03337","root","catalogs","main","landingpages","csd03339","csd03669"],"prices":{"listPrice":{"amount":6.5,"net":5.6,"currency":"EUR","info":{"index":1,"text":"AVP / UVP"}},"retailPrice":{"amount":5.22,"net":4.5,"currency":"EUR","info":{"index":1,"text":"AVP / UVP"}}},"calculatedRatingRanking":2.5,"objectID":"14179698","_rankingInfo":{"nbTypos":0,"firstMatchedWord":0,"proximityDistance":0,"userScore":190,"geoDistance":0,"geoPrecision":1,"nbExactWords":0,"words":1,"filters":1,"personalization":{"score":0,"rankingScore":0,"filtersScore":0,"textualRelevanceBucket":1,"initialPosition":110,"newPosition":110}}},{"brandCode":"","pzn":"08105181","productName":"WICK VapoRub Erkältungssalbe + Xylo 0,1 % RedCare Nasenspray ","secondaryCategories":["Nase","Schnupfen","Erkältung & Grippe","Schnupfen","Landingpages","SHOP APOTHEKE NOW!","Landingpages","Top 100"],"manufacturer":"Diverse","pharmaForm":"Set","brand":"","brandIntern":"","subBrandIntern":"","activeSubstances":[],"additiveSubstances":[],"additiveSubstancesHtml":"","descriptionShort":"Zur Behandlung von Erkältungssymptomen ","keywords":["Erkältungsset","Wick Set","Vaporub","Wick"],"unit":"St","unitQuantityString":"1","masterID":"08105181","indicationRanges":[],"ratingCount":0,"averageRating":0,"attributes":["apothekenpflichtig","Arzneimittel"],"prescriptionMedicine":false,"price":1364,"listPrice":2191,"netRetailPrice":1176,"priceFormatted":"€ 13,64","listPriceFormatted":"€ 21,91","potency":"","ifap":"","image":"https://cdn.shop-apotheke.com/images/wick-vaporub-erkaeltungssalbe-xylo-0-1-redcare-nasenspray-set-D08105181-p1.jpg","hasImage":true,"deeplink":"arzneimittel/8105181/wick-vaporub-erkaeltungssalbe-xylo-0-1-redcare-nasenspray.htm","applicablePromotions":"promotion=Sparsets","variantDetails":"08105181|08105181|38|1 St|1364|arzneimittel/8105181/wick-vaporub-erkaeltungssalbe-xylo-0-1-redcare-nasenspray.htm|product.stockStatus.available","stockStatus":"","stockStatusReason":"product.stockStatus.available","inStock":true,"pricePerUnit":"","discountInPercent":38,"created":1583998409000,"lastChanged":1598571031000,"ratingsLink":"/produktbewertungen/8105181/wick-vaporub-erkaeltungssalbe-xylo-0-1-redcare-nasenspray.htm","ean":"","RPMultiplier":1,"ribbonText":"Sparset","primaryCategory":["Die Online-Apotheke für Deutschland","Die Online-Apotheke für Deutschland/Arzneimittel & weitere Produkte ","Die Online-Apotheke für Deutschland/Arzneimittel & weitere Produkte /Erkältung & Grippe","Die Online-Apotheke für Deutschland/Arzneimittel & weitere Produkte /Erkältung & Grippe/% Erkältungs-Setangebote %"],"topsellerCountBucket":12,"filterAttributes":[],"filterRating":5,"packSize":"1 St","variants":[{"id":"08105181","text":"Zur Behandlung von Erkältungssymptomen ","webDetailPath":"arzneimittel/8105181/wick-vaporub-erkaeltungssalbe-xylo-0-1-redcare-nasenspray.htm","stock":"product.stockStatus.available","active":true,"discount":"38","retailPrice":"1364","listPrice":"2191","packSize":"1 St","nowProductGroup":"nextday","attributes":["apothekenpflichtig","Arzneimittel"],"productName":"WICK VapoRub Erkältungssalbe + Xylo 0,1 % RedCare Nasenspray ","pricePerUnit":"","imageUrl":"https://cdn.shop-apotheke.com/images/wick-vaporub-erkaeltungssalbe-xylo-0-1-redcare-nasenspray-set-D08105181-p1.jpg","pharmaForm":"Set","ribbonText":"Sparset","RPMultiplier":"1"}],"master":true,"marketplace":true,"nowProductGroup":"nextday","notOnStockMessage":"","stockStatusColor":"green","categoryCodes":["csd00001","csd00061","csd00062","csd00020","csd00028","csd00033","csd01060","root","catalogs","main","landingpages","csd03040","csd03339"],"prices":{"listPrice":{"amount":21.91,"net":18.89,"currency":"EUR","info":{"index":1,"text":"AVP / UVP"}},"retailPrice":{"amount":13.64,"net":11.76,"currency":"EUR","info":{"index":1,"text":"AVP / UVP"}}},"calculatedRatingRanking":2.5,"objectID":"08105181","_rankingInfo":{"nbTypos":0,"firstMatchedWord":0,"proximityDistance":0,"userScore":189,"geoDistance":0,"geoPrecision":1,"nbExactWords":0,"words":1,"filters":1,"personalization":{"score":0,"rankingScore":0,"filtersScore":0,"textualRelevanceBucket":1,"initialPosition":111,"newPosition":111}}},{"brandCode":"csd03758","pzn":"16599571","productName":"Vitalkost Shake RedCare Schokolade","secondaryCategories":["Markenshops","RedCare"],"manufacturer":"IVC Pragen GmbH","pharmaForm":"Pulver","brand":"RedCare","brandIntern":"RedCare von Shop Apotheke","subBrandIntern":"","activeSubstances":[],"additiveSubstances":[],"additiveSubstancesHtml":"","descriptionShort":"RedCare Vitalkost Shake als kalorienarmer Mahlzeitenersatz mit Schokogeschmack","keywords":[],"unit":"g","unitQuantityString":"500","masterID":"16599571","indicationRanges":[],"ratingCount":1,"averageRating":5,"attributes":["Lebensmittel"],"prescriptionMedicine":false,"price":1734,"listPrice":1989,"netRetailPrice":1651,"priceFormatted":"€ 17,34","listPriceFormatted":"€ 19,89","potency":"","ifap":"","image":"https://cdn.shop-apotheke.com/images/vitalkost-shake-redcare-schokolade-pulver-D16599571-p1.jpg","hasImage":true,"deeplink":"fitness/16599571/vitalkost-shake-redcare-schokolade.htm","applicablePromotions":"promotion=Extra RedPoints","variantDetails":"16599571|16599571|13|500 g|1734|fitness/16599571/vitalkost-shake-redcare-schokolade.htm|product.stockStatus.available","stockStatus":"","stockStatusReason":"product.stockStatus.available","inStock":true,"pricePerUnit":"34,68 € / kg","discountInPercent":13,"created":1596723437000,"lastChanged":1598572986000,"ratingsLink":"/produktbewertungen/16599571/vitalkost-shake-redcare-schokolade.htm","ean":"","RPMultiplier":15,"ribbonText":"","primaryCategory":["Die Online-Apotheke für Deutschland","Die Online-Apotheke für Deutschland/Ernährung, Sport & Abnehmen","Die Online-Apotheke für Deutschland/Ernährung, Sport & Abnehmen/Abnehmen","Die Online-Apotheke für Deutschland/Ernährung, Sport & Abnehmen/Abnehmen/Mahlzeitenersatz","Die Online-Apotheke für Deutschland/Ernährung, Sport & Abnehmen/Abnehmen/Mahlzeitenersatz/Shakes"],"topsellerCountBucket":11,"filterAttributes":["Lebensmittel"],"filterRating":0,"packSize":"500 g","variants":[{"id":"16599571","text":"RedCare Vitalkost Shake als kalorienarmer Mahlzeitenersatz mit Schokogeschmack","webDetailPath":"fitness/16599571/vitalkost-shake-redcare-schokolade.htm","stock":"product.stockStatus.available","active":true,"discount":"13","retailPrice":"1734","listPrice":"1989","packSize":"500 g","nowProductGroup":"nextday","attributes":["Lebensmittel"],"productName":"Vitalkost Shake RedCare Schokolade","pricePerUnit":"34,68 € / kg","imageUrl":"https://cdn.shop-apotheke.com/images/vitalkost-shake-redcare-schokolade-pulver-D16599571-p1.jpg","pharmaForm":"Pulver","ribbonText":"","RPMultiplier":"15"}],"master":true,"marketplace":false,"nowProductGroup":"nextday","notOnStockMessage":"","stockStatusColor":"green","categoryCodes":["csd03575","csd00003","csd03600","csd02822","root","catalogs","main","brandshop","csd03679"],"prices":{"listPrice":{"amount":19.89,"net":18.94,"currency":"EUR","info":{"index":1,"text":"AVP / UVP"}},"retailPrice":{"amount":17.34,"net":16.51,"currency":"EUR","info":{"index":1,"text":"AVP / UVP"}}},"calculatedRatingRanking":2.55,"objectID":"16599571","_rankingInfo":{"nbTypos":0,"firstMatchedWord":0,"proximityDistance":0,"userScore":188,"geoDistance":0,"geoPrecision":1,"nbExactWords":0,"words":1,"filters":1,"personalization":{"score":0,"rankingScore":0,"filtersScore":0,"textualRelevanceBucket":1,"initialPosition":112,"newPosition":112}}},{"brandCode":"csd03758","pzn":"16599341","productName":"Vitalkost Shake RedCare Vanille ","secondaryCategories":["Markenshops","RedCare"],"manufacturer":"IVC Pragen GmbH","pharmaForm":"Pulver","brand":"RedCare","brandIntern":"RedCare von Shop Apotheke","subBrandIntern":"","activeSubstances":[],"additiveSubstances":[],"additiveSubstancesHtml":"","descriptionShort":"RedCare Vitalkost Shake als kalorienarmer Mahlzeitenersatz mit Vanillegeschmack","keywords":[],"unit":"g","unitQuantityString":"500","masterID":"16599341","indicationRanges":[],"ratingCount":2,"averageRating":5,"attributes":["Lebensmittel"],"prescriptionMedicine":false,"price":1734,"listPrice":1989,"netRetailPrice":1651,"priceFormatted":"€ 17,34","listPriceFormatted":"€ 19,89","potency":"","ifap":"","image":"https://cdn.shop-apotheke.com/images/vitalkost-shake-redcare-vanille-pulver-D16599341-p1.jpg","hasImage":true,"deeplink":"fitness/16599341/vitalkost-shake-redcare-vanille.htm","applicablePromotions":"promotion=Extra RedPoints","variantDetails":"16599341|16599341|13|500 g|1734|fitness/16599341/vitalkost-shake-redcare-vanille.htm|product.stockStatus.available","stockStatus":"","stockStatusReason":"product.stockStatus.available","inStock":true,"pricePerUnit":"34,68 € / kg","discountInPercent":13,"created":1596723437000,"lastChanged":1598572986000,"ratingsLink":"/produktbewertungen/16599341/vitalkost-shake-redcare-vanille.htm","ean":"","RPMultiplier":15,"ribbonText":"","primaryCategory":["Die Online-Apotheke für Deutschland","Die Online-Apotheke für Deutschland/Ernährung, Sport & Abnehmen","Die Online-Apotheke für Deutschland/Ernährung, Sport & Abnehmen/Abnehmen","Die Online-Apotheke für Deutschland/Ernährung, Sport & Abnehmen/Abnehmen/Mahlzeitenersatz","Die Online-Apotheke für Deutschland/Ernährung, Sport & Abnehmen/Abnehmen/Mahlzeitenersatz/Shakes"],"topsellerCountBucket":11,"filterAttributes":["Lebensmittel"],"filterRating":0,"packSize":"500 g","variants":[{"id":"16599341","text":"RedCare Vitalkost Shake als kalorienarmer Mahlzeitenersatz mit Vanillegeschmack","webDetailPath":"fitness/16599341/vitalkost-shake-redcare-vanille.htm","stock":"product.stockStatus.available","active":true,"discount":"13","retailPrice":"1734","listPrice":"1989","packSize":"500 g","nowProductGroup":"nextday","attributes":["Lebensmittel"],"productName":"Vitalkost Shake RedCare Vanille ","pricePerUnit":"34,68 € / kg","imageUrl":"https://cdn.shop-apotheke.com/images/vitalkost-shake-redcare-vanille-pulver-D16599341-p1.jpg","pharmaForm":"Pulver","ribbonText":"","RPMultiplier":"15"}],"master":true,"marketplace":false,"nowProductGroup":"nextday","notOnStockMessage":"","stockStatusColor":"green","categoryCodes":["csd03575","csd00003","csd03600","csd02822","root","catalogs","main","brandshop","csd03679"],"prices":{"listPrice":{"amount":19.89,"net":18.94,"currency":"EUR","info":{"index":1,"text":"AVP / UVP"}},"retailPrice":{"amount":17.34,"net":16.51,"currency":"EUR","info":{"index":1,"text":"AVP / UVP"}}},"calculatedRatingRanking":2.6,"objectID":"16599341","_rankingInfo":{"nbTypos":0,"firstMatchedWord":0,"proximityDistance":0,"userScore":187,"geoDistance":0,"geoPrecision":1,"nbExactWords":0,"words":1,"filters":1,"personalization":{"score":0,"rankingScore":0,"filtersScore":0,"textualRelevanceBucket":1,"initialPosition":113,"newPosition":113}}},{"brandCode":"","pzn":"14227641","productName":"Doppelherz® system Grippal Complex","secondaryCategories":["Landingpages","Unsere Topseller","Landingpages","Topseller","Landingpages","Topseller","Landingpages","SHOP APOTHEKE NOW!","Healthy Deals","Healthy Deals Reiseapotheke","Landingpages","Healthy Deals App-Angebote","Healthy Deals","RedPoints-Aktion"],"manufacturer":"Queisser Pharma GmbH & Co. KG","pharmaForm":"Filmtabletten","brand":"","brandIntern":"Doppelherz®","subBrandIntern":"system","activeSubstances":["Pseudoephedrin hydrochlorid","Ibuprofen"],"additiveSubstances":["Magnesium stearat","Croscarmellose natrium","Hypromellose","Eisen(III)-oxidhydrat, gelb","Siliciumdioxid, hochdisperses","Cellulose, mikrokristalline","Calciumhydrogenphosphat","Maisstärke","Macrogol 400","Titandioxid","Talkum"],"additiveSubstancesHtml":"<ul><li>Magnesium stearat</li><li>Croscarmellose natrium</li><li>Hypromellose</li><li>Eisen(III)-oxidhydrat, gelb</li><li>Siliciumdioxid, hochdisperses</li><li>Cellulose, mikrokristalline</li><li>Calciumhydrogenphosphat</li><li>Maisstärke</li><li>Macrogol 400</li><li>Titandioxid</li><li>Talkum</li></ul>","descriptionShort":"Zur Anwendung bei grippalen Infekten","keywords":[],"unit":"St","unitQuantityString":"20","masterID":"14227635","indicationRanges":["Atemwegskrankheiten und grippale Infekte","Mittel bei grippalen Infekten","Fieber-/ Schnupfenmittel"],"ratingCount":2,"averageRating":5,"attributes":["apothekenpflichtig","Arzneimittel"],"prescriptionMedicine":false,"price":534,"listPrice":777,"netRetailPrice":460,"priceFormatted":"€ 5,34","listPriceFormatted":"€ 7,77","potency":"","ifap":"Das Arzneimittel enthält 2 Wirkstoffe: Ibuprofen und Pseudoephedrinhydrochlorid. Ibuprofen gehört zu einer Gruppe von Arzneimitteln, die nichtsteroidale Antirheumatika (NSAR) genannt werden. NSAR mildern die Beschwerden, indem sie Schmerzen lindern und Fieber senken. Pseudoephedrinhydrochlorid gehört zu einer Gruppe von Wirkstoffen, die als Vasokonstriktoren bezeichnet werden. Sie wirken gefäßverengend und führen so zum Abschwellen der Nasenschleimhaut. Das Präparat wird angewendet zur symptomatischen Behandlung der Schleimhautschwellung von Nase und Nebenhöhlen bei Schnupfen mit erkältungsbedingten Schmerzen und/oder Fieber bei Erwachsenen und Jugendlichen ab 15 Jahren. Sie sollten dieses Kombinationsmittel nur einnehmen, wenn Sie sowohl eine verstopfte Nase als auch Kopfschmerzen oder Fieber haben. Wenn Sie nur an einem der Symptome leiden, sprechen Sie mit Ihrem Apotheker oder Arzt darüber, entweder Ibuprofen oder Pseudoephedrin allein anzuwenden. Wenn sich die Symptome verschlechtern oder Sie das Arzneimittel länger als 4 Tage (Erwachsene) bzw. 3 Tage (Jugendliche) benötigen, wenden Sie sich an Ihren Arzt.","image":"https://cdn.shop-apotheke.com/images/doppelherz-system-grippal-complex-filmtabletten-D14227641-p1.jpg","hasImage":true,"deeplink":"arzneimittel/14227641/doppelherz-system-grippal-complex.htm","applicablePromotions":"","variantDetails":"14227635|14227641|31|20 St|534|arzneimittel/14227641/doppelherz-system-grippal-complex.htm|product.stockStatus.available","stockStatus":"","stockStatusReason":"product.stockStatus.available","inStock":true,"pricePerUnit":"","discountInPercent":31,"created":1568707281000,"lastChanged":1598572662000,"ratingsLink":"/produktbewertungen/14227641/doppelherz-system-grippal-complex.htm","ean":"","RPMultiplier":1,"ribbonText":"","primaryCategory":["Die Online-Apotheke für Deutschland","Die Online-Apotheke für Deutschland/Arzneimittel & weitere Produkte ","Die Online-Apotheke für Deutschland/Arzneimittel & weitere Produkte /Erkältung & Grippe","Die Online-Apotheke für Deutschland/Arzneimittel & weitere Produkte /Erkältung & Grippe/Grippale Infekte"],"topsellerCountBucket":11,"filterAttributes":[],"filterRating":0,"packSize":"20 St","variants":[{"id":"14227635","text":"Zur Anwendung bei grippalen Infekten","webDetailPath":"arzneimittel/14227635/doppelherz-system-grippal-complex.htm","stock":"product.stockStatus.available","active":true,"discount":"33","retailPrice":"291","listPrice":"437","packSize":"10 St","nowProductGroup":"sameday_nextday","attributes":["apothekenpflichtig","Arzneimittel"],"productName":"Doppelherz® system Grippal Complex","pricePerUnit":"","imageUrl":"https://cdn.shop-apotheke.com/images/doppelherz-system-grippal-complex-filmtabletten-D14227635-p1.jpg","pharmaForm":"Filmtabletten","ribbonText":"","RPMultiplier":"1"},{"id":"14227641","text":"Zur Anwendung bei grippalen Infekten","webDetailPath":"arzneimittel/14227641/doppelherz-system-grippal-complex.htm","stock":"product.stockStatus.available","active":false,"discount":"31","retailPrice":"534","listPrice":"777","packSize":"20 St","nowProductGroup":"sameday_nextday","attributes":["apothekenpflichtig","Arzneimittel"],"productName":"Doppelherz® system Grippal Complex","pricePerUnit":"","imageUrl":"https://cdn.shop-apotheke.com/images/doppelherz-system-grippal-complex-filmtabletten-D14227641-p1.jpg","pharmaForm":"Filmtabletten","ribbonText":"","RPMultiplier":"1"}],"master":false,"marketplace":true,"nowProductGroup":"sameday_nextday","notOnStockMessage":"","stockStatusColor":"green","categoryCodes":["csd00001","csd00061","csd00065","root","catalogs","main","landingpages","csd03273","csd01434","csd02968","csd03288","csd03339","csd03461","csd03569","csd03647","csd03648"],"prices":{"listPrice":{"amount":7.77,"net":6.7,"currency":"EUR","info":{"index":1,"text":"AVP / UVP"}},"retailPrice":{"amount":5.34,"net":4.6,"currency":"EUR","info":{"index":1,"text":"AVP / UVP"}}},"calculatedRatingRanking":2.6,"objectID":"14227641","_highlightResult":{"activeSubstances":[{"value":"Pseudoephedrin hydrochlorid","matchLevel":"none","matchedWords":[]},{"value":"Ibuprofen","matchLevel":"none","matchedWords":[]}]},"_rankingInfo":{"nbTypos":0,"firstMatchedWord":0,"proximityDistance":0,"userScore":186,"geoDistance":0,"geoPrecision":1,"nbExactWords":0,"words":1,"filters":1,"personalization":{"score":0,"rankingScore":0,"filtersScore":0,"textualRelevanceBucket":1,"initialPosition":114,"newPosition":114}}},{"brandCode":"","pzn":"12893894","productName":"Kneipp® Geschenkpackung Männersache","secondaryCategories":["Unsere Set-Angebote","Beauty-Sets","Männerpflege","Körperpflege","Geschenke Themenwelt","Wellness schenken","Geschenke für Sie & Ihn","Geschenke für Ihn","Geschenke nach Budget","Geschenke bis 10 Euro","Valentinstag-Special","Valentinstagsgeschenke für Männer","Oster-Special","Geschenke für Ihn","Black Friday®","30% und mehr","Männergesundheit","Männerpflege","Weihnachts-Special","Besonders bezaubernde Geschenksets","Black Friday®","Geschenke für Ihn","Landingpages","Adventskalender Türchen 11","Landingpages","SHOP APOTHEKE NOW!","Geschenke aus der Apotheke","Geschenksets","Oster-Special","Geschenksets zu Ostern","Valentins-Special","Geschenksets für Sie & Ihn","Valentinstag-Special","Valentinstagsgeschenksets","Black Friday®","Geschenksets","Muttertags-Special","Geschenksets zum Muttertag","Healthy Deals","Healthy Deals Beauty & Pflege","Landingpages","Healthy Deals App-Angebote"],"manufacturer":"Kneipp GmbH","pharmaForm":"Set","brand":"","brandIntern":"Kneipp®","subBrandIntern":"","activeSubstances":[],"additiveSubstances":[],"additiveSubstancesHtml":"","descriptionShort":"Männerpflege mit Naturkompetenz","keywords":[],"unit":"St","unitQuantityString":"1","masterID":"12893894","indicationRanges":[],"ratingCount":6,"averageRating":5,"attributes":[],"prescriptionMedicine":false,"price":740,"listPrice":990,"netRetailPrice":638,"priceFormatted":"€ 7,40","listPriceFormatted":"€ 9,90","potency":"","ifap":"","image":"https://cdn.shop-apotheke.com/images/kneipp-geschenkpackung-maennersache-set-D12893894-p1.jpg","hasImage":true,"deeplink":"beauty/12893894/kneipp-geschenkpackung-maennersache.htm","applicablePromotions":"","variantDetails":"12893894|12893894|25|1 St|740|beauty/12893894/kneipp-geschenkpackung-maennersache.htm|product.stockStatus.available","stockStatus":"","stockStatusReason":"product.stockStatus.available","inStock":true,"pricePerUnit":"","discountInPercent":25,"created":1507190114000,"lastChanged":1598572382000,"ratingsLink":"/produktbewertungen/12893894/kneipp-geschenkpackung-maennersache.htm","ean":"4008233145402","RPMultiplier":1,"ribbonText":"","primaryCategory":["Die Online-Apotheke für Deutschland","Die Online-Apotheke für Deutschland/Beauty & Pflege","Die Online-Apotheke für Deutschland/Beauty & Pflege/Pflegende Kosmetik","Die Online-Apotheke für Deutschland/Beauty & Pflege/Pflegende Kosmetik/Kneipp","Die Online-Apotheke für Deutschland/Beauty & Pflege/Pflegende Kosmetik/Kneipp/Männerpflege"],"topsellerCountBucket":11,"filterAttributes":[],"filterRating":0,"packSize":"1 St","variants":[{"id":"12893894","text":"Männerpflege mit Naturkompetenz","webDetailPath":"beauty/12893894/kneipp-geschenkpackung-maennersache.htm","stock":"product.stockStatus.available","active":true,"discount":"25","retailPrice":"740","listPrice":"990","packSize":"1 St","nowProductGroup":"nextday","attributes":[],"productName":"Kneipp® Geschenkpackung Männersache","pricePerUnit":"","imageUrl":"https://cdn.shop-apotheke.com/images/kneipp-geschenkpackung-maennersache-set-D12893894-p1.jpg","pharmaForm":"Set","ribbonText":"","RPMultiplier":"1"}],"master":true,"marketplace":false,"nowProductGroup":"nextday","notOnStockMessage":"","stockStatusColor":"green","categoryCodes":["csd00398","csd01229","csd00628","csd00634","csd00846","csd00847","csd00001","csd00233","csd01231","csd01446","csd01448","csd02764","csd01457","csd01434","csd02271","csd02276","csd02352","csd02368","csd00615","csd00622","csd02590","csd01447","csd02766","csd02768","csd02769","csd02770","csd02771","csd01454","csd02776","csd02859","csd02956","csd01435","csd02960","csd01450","csd03054","csd03337","root","catalogs","main","landingpages","csd03339","csd03461","csd02968","csd03570","csd03670","csd03681"],"prices":{"listPrice":{"amount":9.9,"net":8.53,"currency":"EUR","info":{"index":1,"text":"AVP / UVP"}},"retailPrice":{"amount":7.4,"net":6.38,"currency":"EUR","info":{"index":1,"text":"AVP / UVP"}}},"calculatedRatingRanking":2.77,"objectID":"12893894","_rankingInfo":{"nbTypos":0,"firstMatchedWord":0,"proximityDistance":0,"userScore":185,"geoDistance":0,"geoPrecision":1,"nbExactWords":0,"words":1,"filters":1,"personalization":{"score":0,"rankingScore":0,"filtersScore":0,"textualRelevanceBucket":1,"initialPosition":115,"newPosition":115}}},{"brandCode":"","pzn":"07604095","productName":"SOS Desinfektionsspray ","secondaryCategories":["Erste Hilfe & Verbandmittel","Haut- & Wunddesinfektion","Krankenpflege","Desinfektionsmittel","Erkältung & Grippe","Desinfektion"],"manufacturer":"DISTRICON GmbH","pharmaForm":"Spray","brand":"","brandIntern":"","subBrandIntern":"","activeSubstances":["Ethanol"],"additiveSubstances":[],"additiveSubstancesHtml":"","descriptionShort":"Beseitigt 99,99 % der Bakterien, Pilze und Viren ","keywords":[],"unit":"ml","unitQuantityString":"100","masterID":"07604095","indicationRanges":["Antiseptika/ Desinfektionsmittel","Sonstige"],"ratingCount":6,"averageRating":5,"attributes":[],"prescriptionMedicine":false,"price":199,"listPrice":199,"netRetailPrice":172,"priceFormatted":"€ 1,99","listPriceFormatted":"€ 1,99","potency":"","ifap":"","image":"https://cdn.shop-apotheke.com/images/sos-desinfektionsspray-spray-D07604095-p10.jpg","hasImage":true,"deeplink":"arzneimittel/7604095/sos-desinfektionsspray.htm","applicablePromotions":"","variantDetails":"07604095|07604095|0|100 ml|199|arzneimittel/7604095/sos-desinfektionsspray.htm|product.stockStatus.available","stockStatus":"","stockStatusReason":"product.stockStatus.available","inStock":true,"pricePerUnit":"1,99 € / 100 ml","discountInPercent":0,"created":1586872032000,"lastChanged":1598570758000,"ratingsLink":"/produktbewertungen/7604095/sos-desinfektionsspray.htm","ean":"4036581530434","RPMultiplier":1,"ribbonText":"","primaryCategory":["Die Online-Apotheke für Deutschland","Die Online-Apotheke für Deutschland/Arzneimittel & weitere Produkte ","Die Online-Apotheke für Deutschland/Arzneimittel & weitere Produkte /Haus- & Reiseapotheke","Die Online-Apotheke für Deutschland/Arzneimittel & weitere Produkte /Haus- & Reiseapotheke/Hausapotheke","Die Online-Apotheke für Deutschland/Arzneimittel & weitere Produkte /Haus- & Reiseapotheke/Hausapotheke/Desinfektionsmittel"],"topsellerCountBucket":11,"filterAttributes":[],"filterRating":0,"packSize":"100 ml","variants":[{"id":"07604095","text":"Beseitigt 99,99 % der Bakterien, Pilze und Viren ","webDetailPath":"arzneimittel/7604095/sos-desinfektionsspray.htm","stock":"product.stockStatus.available","active":true,"discount":"0","retailPrice":"199","listPrice":"199","packSize":"100 ml","nowProductGroup":"sameday_nextday","attributes":[],"productName":"SOS Desinfektionsspray ","pricePerUnit":"1,99 € / 100 ml","imageUrl":"https://cdn.shop-apotheke.com/images/sos-desinfektionsspray-spray-D07604095-p10.jpg","pharmaForm":"Spray","ribbonText":"","RPMultiplier":"1"}],"master":true,"marketplace":false,"nowProductGroup":"sameday_nextday","notOnStockMessage":"","stockStatusColor":"green","categoryCodes":["csd00001","csd00077","csd02753","csd00114","csd00078","csd00092","csd00195","csd03217","csd00061","csd03649"],"prices":{"listPrice":{"amount":1.99,"net":1.72,"currency":"EUR","info":{"index":1,"text":"AVP / UVP"}},"retailPrice":{"amount":1.99,"net":1.72,"currency":"EUR","info":{"index":1,"text":"AVP / UVP"}}},"calculatedRatingRanking":2.77,"objectID":"07604095","_highlightResult":{"activeSubstances":[{"value":"Ethanol","matchLevel":"none","matchedWords":[]}]},"_rankingInfo":{"nbTypos":0,"firstMatchedWord":0,"proximityDistance":0,"userScore":184,"geoDistance":0,"geoPrecision":1,"nbExactWords":0,"words":1,"filters":1,"personalization":{"score":0,"rankingScore":0,"filtersScore":0,"textualRelevanceBucket":1,"initialPosition":116,"newPosition":116}}},{"brandCode":"csd03752","pzn":"06718342","productName":"Paracetamol AL 500","secondaryCategories":["ALIUD PHARMA<sup>®</sup>","Schmerzen, Fieber & Migräne","Landingpages","NOW! Reiseapotheke","Landingpages","NOW! Schmerzen","Erkältung & Grippe","Fiebersenkende Schmerzmittel","Kopfschmerzen","Paracetamol","Healthy Deals","RedPoints-Aktion"],"manufacturer":"ALIUD Pharma GmbH","pharmaForm":"Tabletten","brand":"Aliud","brandIntern":"ALIUD","subBrandIntern":"Paracetamol AL","activeSubstances":["Paracetamol"],"additiveSubstances":["Magnesium stearat","Carboxymethylstärke, Natrium Typ A","Cellulose, mikrokristalline","Povidon K90"],"additiveSubstancesHtml":"<ul><li>Magnesium stearat</li><li>Carboxymethylstärke, Natrium Typ A</li><li>Cellulose, mikrokristalline</li><li>Povidon K90</li></ul>","descriptionShort":"Zur symptomatischen Behandlung von leichten bis mäßig starken Schmerzen und Fieber","keywords":["Kopfschmerztabletten"],"unit":"St","unitQuantityString":"20","masterID":"06718342","indicationRanges":["Analgetika/ Antipyretika","Antipyretisch wirkende Analgetika","Anilin-Derivate (Monopräparate)"],"ratingCount":11,"averageRating":5,"attributes":["apothekenpflichtig","Arzneimittel"],"prescriptionMedicine":false,"price":96,"listPrice":193,"netRetailPrice":83,"priceFormatted":"€ 0,96","listPriceFormatted":"€ 1,93","potency":"","ifap":"Das Präparat ist ein schmerzstillendes und fiebersenkendes Arzneimittel. Es wird angewendet beileichten bis mäßig starken Schmerzen Fieber. Hinweise:Das Arzneimittel sollte längere Zeit oder in höheren Dosen nicht ohne Befragen des Arztes oder Zahnarztes eingenommen werden. Um das Risiko einer Überdosierung zu verhindern, sollte sichergestellt werden, dass andere Arzneimittel, die gleichzeitig angewendet werden, kein Paracetamol enthalten.","image":"https://cdn.shop-apotheke.com/images/paracetamol-al-500-tabletten-D06718342-p1.jpg","hasImage":true,"deeplink":"arzneimittel/6718342/paracetamol-al-500.htm","applicablePromotions":"","variantDetails":"06718342|06718342|50|20 St|96|arzneimittel/6718342/paracetamol-al-500.htm|product.stockStatus.available","stockStatus":"","stockStatusReason":"product.stockStatus.available","inStock":true,"pricePerUnit":"","discountInPercent":50,"created":1445169900000,"lastChanged":1598578343000,"ratingsLink":"/produktbewertungen/6718342/paracetamol-al-500.htm","ean":"4150067183423","RPMultiplier":1,"ribbonText":"","primaryCategory":["Die Online-Apotheke für Deutschland","Die Online-Apotheke für Deutschland/Arzneimittel & weitere Produkte ","Die Online-Apotheke für Deutschland/Arzneimittel & weitere Produkte /Schmerzen","Die Online-Apotheke für Deutschland/Arzneimittel & weitere Produkte /Schmerzen/Fiebersenkende Schmerzmittel"],"topsellerCountBucket":11,"filterAttributes":[],"filterRating":0,"packSize":"20 St","variants":[{"id":"06718342","text":"Zur symptomatischen Behandlung von leichten bis mäßig starken Schmerzen und Fieber","webDetailPath":"arzneimittel/6718342/paracetamol-al-500.htm","stock":"product.stockStatus.available","active":true,"discount":"50","retailPrice":"96","listPrice":"193","packSize":"20 St","nowProductGroup":"sameday_nextday","attributes":["apothekenpflichtig","Arzneimittel"],"productName":"Paracetamol AL 500","pricePerUnit":"","imageUrl":"https://cdn.shop-apotheke.com/images/paracetamol-al-500-tabletten-D06718342-p1.jpg","pharmaForm":"Tabletten","ribbonText":"","RPMultiplier":"1"}],"master":true,"marketplace":false,"nowProductGroup":"sameday_nextday","notOnStockMessage":"","stockStatusColor":"green","categoryCodes":["csd00001","csd00269","csd00275","csd00061","csd01059","csd02394","csd02395","csd01434","csd02968","csd03288","root","catalogs","main","landingpages","csd03475","csd03476","brandshop","csd1914","csd1925"],"prices":{"listPrice":{"amount":1.93,"net":1.66,"currency":"EUR","info":{"index":1,"text":"AVP / UVP"}},"retailPrice":{"amount":0.96,"net":0.83,"currency":"EUR","info":{"index":1,"text":"AVP / UVP"}}},"calculatedRatingRanking":2.95,"objectID":"06718342","_highlightResult":{"activeSubstances":[{"value":"Paracetamol","matchLevel":"none","matchedWords":[]}]},"_rankingInfo":{"nbTypos":0,"firstMatchedWord":0,"proximityDistance":0,"userScore":183,"geoDistance":0,"geoPrecision":1,"nbExactWords":0,"words":1,"filters":1,"personalization":{"score":0,"rankingScore":0,"filtersScore":0,"textualRelevanceBucket":1,"initialPosition":117,"newPosition":117}}},{"brandCode":"csd2453","pzn":"14820333","productName":"Grippostad® Complex","secondaryCategories":["Landingpages","Unsere Topseller","Landingpages","Topseller","Landingpages","Topseller","Landingpages","Weltgesundheitstag: Hausapotheke","Landingpages","100 Topseller","Landingpages","SHOP APOTHEKE NOW!","Healthy Deals","Healthy Deals Reiseapotheke","Landingpages","Mai Aktion","Landingpages","Mai Kracher","Healthy Deals","Healthy Deals Aktionsprodukte","Landingpages","Healthy Deals App-Angebote","Healthy Deals","RedPoints-Aktion"],"manufacturer":"STADA Consumer Health Deutschland GmbH","pharmaForm":"Granulat zur Herstellung einer Susp. zum Einnehmen","brand":"Grippostad","brandIntern":"STADA","subBrandIntern":"Grippostad®","activeSubstances":["Acetylsalicylsäure","Pseudoephedrin hydrochlorid"],"additiveSubstances":["Hypromellose","Grapefruit-Aroma","Saccharose","Citronensäure"],"additiveSubstancesHtml":"<ul><li>Hypromellose</li><li>Grapefruit-Aroma</li><li>Saccharose</li><li>Citronensäure</li></ul>","descriptionShort":"Zur Einnahme bei Schwellungen der Nasenschleimhaut mit Fieber und Schmerzen bei Schnupfen","keywords":[],"unit":"St","unitQuantityString":"20","masterID":"14820327","indicationRanges":["Atemwegskrankheiten und grippale Infekte","Mittel bei grippalen Infekten","Fieber-/ Schnupfenmittel"],"ratingCount":83,"averageRating":4.96,"attributes":["apothekenpflichtig","Arzneimittel"],"prescriptionMedicine":false,"price":953,"listPrice":1315,"netRetailPrice":822,"priceFormatted":"€ 9,53","listPriceFormatted":"€ 13,15","potency":"","ifap":"Das Arzneimittel enthält die Wirkstoffe Acetylsalicylsäure und Pseudoephedrinhydrochlorid. Es wird angewendet zur symptomatischen Behandlung von Schleimhautschwellung der Nase und Nasennebenhöhlen bei Schnupfen (Rhinosinusitis) mit Schmerzen und Fieber im Rahmen einer Erkältung beziehungsweise eines grippalen Infektes. Wenn Sie nur eine der oben genannten Beschwerden haben, ist die Behandlung mit einem Präparat, das nur einen Wirkstoff enthält, zu bevorzugen. Wenn sich Ihre Symptome verschlimmern oder nach 3 Tagen keine Besserung eintritt, müssen Sie mit einem Arzt sprechen. Es ist zur Anwendung bei Erwachsenen und Jugendlichen ab 16 Jahren bestimmt.","image":"https://cdn.shop-apotheke.com/images/grippostad-complex-granulat-zur-herstellung-einer-susp-zum-einnehmen-D14820333-p1.jpg","hasImage":true,"deeplink":"arzneimittel/14820333/grippostad-complex.htm","applicablePromotions":"","variantDetails":"14820327|14820333|28|20 St|953|arzneimittel/14820333/grippostad-complex.htm|product.stockStatus.available","stockStatus":"","stockStatusReason":"product.stockStatus.available","inStock":true,"pricePerUnit":"","discountInPercent":28,"created":1568707281000,"lastChanged":1598602563000,"ratingsLink":"/produktbewertungen/14820333/grippostad-complex.htm","ean":"","RPMultiplier":1,"ribbonText":"","primaryCategory":["Die Online-Apotheke für Deutschland","Die Online-Apotheke für Deutschland/Arzneimittel & weitere Produkte ","Die Online-Apotheke für Deutschland/Arzneimittel & weitere Produkte /Erkältung & Grippe","Die Online-Apotheke für Deutschland/Arzneimittel & weitere Produkte /Erkältung & Grippe/Grippale Infekte"],"topsellerCountBucket":11,"filterAttributes":[],"filterRating":0.04,"packSize":"20 St","variants":[{"id":"14820327","text":"Zur Einnahme bei Schwellungen der Nasenschleimhaut mit Fieber und Schmerzen bei Schnupfen","webDetailPath":"arzneimittel/14820327/grippostad-complex.htm","stock":"product.stockStatus.available","active":true,"discount":"26","retailPrice":"573","listPrice":"777","packSize":"10 St","nowProductGroup":"sameday_nextday","attributes":["apothekenpflichtig","Arzneimittel"],"productName":"Grippostad® Complex","pricePerUnit":"","imageUrl":"https://cdn.shop-apotheke.com/images/grippostad-complex-granulat-zur-herstellung-einer-susp-zum-einnehmen-D14820327-p1.jpg","pharmaForm":"Granulat zur Herstellung einer Susp. zum Einnehmen","ribbonText":"","RPMultiplier":"1"},{"id":"14820333","text":"Zur Einnahme bei Schwellungen der Nasenschleimhaut mit Fieber und Schmerzen bei Schnupfen","webDetailPath":"arzneimittel/14820333/grippostad-complex.htm","stock":"product.stockStatus.available","active":false,"discount":"28","retailPrice":"953","listPrice":"1315","packSize":"20 St","nowProductGroup":"sameday_nextday","attributes":["apothekenpflichtig","Arzneimittel"],"productName":"Grippostad® Complex","pricePerUnit":"","imageUrl":"https://cdn.shop-apotheke.com/images/grippostad-complex-granulat-zur-herstellung-einer-susp-zum-einnehmen-D14820333-p1.jpg","pharmaForm":"Granulat zur Herstellung einer Susp. zum Einnehmen","ribbonText":"","RPMultiplier":"1"}],"master":false,"marketplace":true,"nowProductGroup":"sameday_nextday","notOnStockMessage":"","stockStatusColor":"green","categoryCodes":["csd00001","csd00061","csd00065","root","catalogs","main","landingpages","csd03273","csd01434","csd02968","csd03288","csd03339","csd03344","csd03461","csd03569","csd03635","csd03647","csd03648","csd03939","csd03995","csd03997"],"prices":{"listPrice":{"amount":13.15,"net":11.34,"currency":"EUR","info":{"index":1,"text":"AVP / UVP"}},"retailPrice":{"amount":9.53,"net":8.22,"currency":"EUR","info":{"index":1,"text":"AVP / UVP"}}},"calculatedRatingRanking":4.04,"objectID":"14820333","_highlightResult":{"activeSubstances":[{"value":"<ais-highlight-0000000000>A</ais-highlight-0000000000>cetylsalicylsäure","matchLevel":"full","fullyHighlighted":false,"matchedWords":["a"]},{"value":"Pseudoephedrin hydrochlorid","matchLevel":"none","matchedWords":[]}]},"_rankingInfo":{"nbTypos":0,"firstMatchedWord":0,"proximityDistance":0,"userScore":182,"geoDistance":0,"geoPrecision":1,"nbExactWords":0,"words":1,"filters":1,"personalization":{"score":0,"rankingScore":0,"filtersScore":0,"textualRelevanceBucket":1,"initialPosition":118,"newPosition":118}}},{"brandCode":"csd2819","pzn":"12741888","productName":"NUROFEN® Junior Fieber- & Schmerzsaft Erdbeer 40mg/dl","secondaryCategories":["Specials","Neujahrs-Special","Landingpages","NOW! Erkältung","Landingpages","Flash Deal Erkaeltung","Landingpages","Angebote aus der App-otheke ","Erkältung & Grippe","Fiebersenkende Schmerzmittel","Kopfschmerzen","Ibuprofen","Landingpages","SHOP APOTHEKE NOW!"],"manufacturer":"Reckitt Benckiser Deutschland GmbH","pharmaForm":"Suspension zum Einnehmen","brand":"Nurofen","brandIntern":"NUROFEN®","subBrandIntern":"","activeSubstances":["Ibuprofen"],"additiveSubstances":["Maltitol-Lösung","Xanthan gummi","Saccharin natrium","Erdbeer-Aroma, propylenglycolhaltig","Wasser, gereinigtes","Wasser, gereinigtes","Natriumchlorid","Natriumcitrat-2-Wasser","Citronensäure monohydrat","Domiphen bromid","Polysorbat 80","Glycerol"],"additiveSubstancesHtml":"<ul><li>Maltitol-Lösung</li><li>Xanthan gummi</li><li>Saccharin natrium</li><li>Erdbeer-Aroma, propylenglycolhaltig</li><li>Wasser, gereinigtes</li><li>Wasser, gereinigtes</li><li>Natriumchlorid</li><li>Natriumcitrat-2-Wasser</li><li>Citronensäure monohydrat</li><li>Domiphen bromid</li><li>Polysorbat 80</li><li>Glycerol</li></ul>","descriptionShort":"Bei leichten bis mäßig starken Schmerzen und Fieber","keywords":["fieber","nurofen"],"unit":"ml","unitQuantityString":"150","masterID":"07776471","indicationRanges":["Analgetika/ Antipyretika","Antipyretisch wirkende Analgetika","Arylpropionsäure-Derivate (Monopräparate)"],"ratingCount":26,"averageRating":4.96,"attributes":["apothekenpflichtig","Arzneimittel"],"prescriptionMedicine":false,"price":534,"listPrice":661,"netRetailPrice":460,"priceFormatted":"€ 5,34","listPriceFormatted":"€ 6,61","potency":"","ifap":"Das Präparat enthält den Wirkstoff Ibuprofen, der zu einer Gruppe von Wirkstoffen, den sogenannten nicht-steroidalen Antirheumatika/Antiphlogistika (NSAR), gehört. Er wirkt, indem er die Beschwerden Schmerzen und Fieber lindert. Der Saft wird angewendet zur kurzzeitigen symptomatischen Behandlung von:Fieber leichten bis mäßig starken Schmerzen","image":"https://cdn.shop-apotheke.com/images/nurofen-junior-fieber-schmerzsaft-erdbeer-40mg-dl-suspension-zum-einnehmen-D12741888-p1.jpg","hasImage":true,"deeplink":"baby/12741888/nurofen-junior-fieber-schmerzsaft-erdbeer-40mg-dl.htm","applicablePromotions":"","variantDetails":"07776471|12741888|19|150 ml|534|baby/12741888/nurofen-junior-fieber-schmerzsaft-erdbeer-40mg-dl.htm|product.stockStatus.available","stockStatus":"","stockStatusReason":"product.stockStatus.available","inStock":true,"pricePerUnit":"3,56 € / 100 ml","discountInPercent":19,"created":1504262764000,"lastChanged":1598572372000,"ratingsLink":"/produktbewertungen/12741888/nurofen-junior-fieber-schmerzsaft-erdbeer-40mg-dl.htm","ean":"4002448104452","RPMultiplier":1,"ribbonText":"","primaryCategory":["Die Online-Apotheke für Deutschland","Die Online-Apotheke für Deutschland/Arzneimittel & weitere Produkte ","Die Online-Apotheke für Deutschland/Arzneimittel & weitere Produkte /Schmerzen","Die Online-Apotheke für Deutschland/Arzneimittel & weitere Produkte /Schmerzen/Fiebersenkende Schmerzmittel"],"topsellerCountBucket":11,"filterAttributes":[],"filterRating":0.04,"packSize":"150 ml","variants":[{"id":"07776471","text":"Bei leichten bis mäßig starken Schmerzen und Fieber","webDetailPath":"baby/7776471/nurofen-junior-fieber-und-schmerzsaft-erdbeer-4.htm","stock":"product.stockStatus.available","active":true,"discount":"31","retailPrice":"343","listPrice":"496","packSize":"100 ml","nowProductGroup":"sameday_nextday","attributes":["apothekenpflichtig","Arzneimittel"],"productName":"NUROFEN® Junior Fieber- und Schmerzsaft Erdbeer 4%","pricePerUnit":"3,43 € / 100 ml","imageUrl":"https://cdn.shop-apotheke.com/images/nurofen-junior-fieber-und-schmerzsaft-erdbeer-4-suspension-zum-einnehmen-D07776471-p1.jpg","pharmaForm":"Suspension zum Einnehmen","ribbonText":"","RPMultiplier":"1"},{"id":"12741888","text":"Bei leichten bis mäßig starken Schmerzen und Fieber","webDetailPath":"baby/12741888/nurofen-junior-fieber-schmerzsaft-erdbeer-40mg-dl.htm","stock":"product.stockStatus.available","active":false,"discount":"19","retailPrice":"534","listPrice":"661","packSize":"150 ml","nowProductGroup":"sameday_nextday","attributes":["apothekenpflichtig","Arzneimittel"],"productName":"NUROFEN® Junior Fieber- & Schmerzsaft Erdbeer 40mg/dl","pricePerUnit":"3,56 € / 100 ml","imageUrl":"https://cdn.shop-apotheke.com/images/nurofen-junior-fieber-schmerzsaft-erdbeer-40mg-dl-suspension-zum-einnehmen-D12741888-p1.jpg","pharmaForm":"Suspension zum Einnehmen","ribbonText":"","RPMultiplier":"1"}],"master":false,"marketplace":true,"nowProductGroup":"sameday_nextday","notOnStockMessage":"","stockStatusColor":"green","categoryCodes":["csd00001","csd00269","csd00275","csd00061","csd01059","csd01434","csd01461","csd02394","csd02397","root","catalogs","main","landingpages","csd03339","csd03341","csd03524","csd03684"],"prices":{"listPrice":{"amount":6.61,"net":5.7,"currency":"EUR","info":{"index":1,"text":"AVP / UVP"}},"retailPrice":{"amount":5.34,"net":4.6,"currency":"EUR","info":{"index":1,"text":"AVP / UVP"}}},"calculatedRatingRanking":3.34,"objectID":"12741888","_highlightResult":{"activeSubstances":[{"value":"Ibuprofen","matchLevel":"none","matchedWords":[]}]},"_rankingInfo":{"nbTypos":0,"firstMatchedWord":0,"proximityDistance":0,"userScore":181,"geoDistance":0,"geoPrecision":1,"nbExactWords":0,"words":1,"filters":1,"personalization":{"score":0,"rankingScore":0,"filtersScore":0,"textualRelevanceBucket":1,"initialPosition":119,"newPosition":119}}},{"brandCode":"csd2649","pzn":"03842082","productName":"Otriven® gegen Schnupfen 0,025 % Nasentropfen","secondaryCategories":["Nase","Schnupfen","Otriven","Baby-Schnupfen behandeln","Otriven","Reiseapotheke","Otriven","Bestseller","Erkältung & Grippe","Schnupfen","RedPoints Aktionswoche - Gute Vorsätze","Beauty ","Landingpages","Flash Deal Erkaeltung","Black Friday®","Erkältungs-Produkte","Landingpages","100 Topseller","Landingpages","SHOP APOTHEKE NOW!"],"manufacturer":"GlaxoSmithKline Consumer Healthcare","pharmaForm":"Nasentropfen","brand":"Otriven","brandIntern":"Otriven®","subBrandIntern":"","activeSubstances":["Xylometazolin hydrochlorid"],"additiveSubstances":["Dinatrium edetat-2-Wasser","Benzalkonium chlorid","Wasser, gereinigtes","Natriumchlorid","Natriumdihydrogenphosphat-2-Wasser","Dinatriumhydrogenphosphat","Sorbitol"],"additiveSubstancesHtml":"<ul><li>Dinatrium edetat-2-Wasser</li><li>Benzalkonium chlorid</li><li>Wasser, gereinigtes</li><li>Natriumchlorid</li><li>Natriumdihydrogenphosphat-2-Wasser</li><li>Dinatriumhydrogenphosphat</li><li>Sorbitol</li></ul>","descriptionShort":"Ideal für Säuglinge","keywords":[],"unit":"ml","unitQuantityString":"10","masterID":"03842082","indicationRanges":["Atemwegskrankheiten und grippale Infekte","Rhinologika, lokale Anwendung","Schnupfenmittel, Sympathomimetika-haltig"],"ratingCount":24,"averageRating":4.96,"attributes":["apothekenpflichtig","Arzneimittel"],"prescriptionMedicine":false,"price":192,"listPrice":236,"netRetailPrice":166,"priceFormatted":"€ 1,92","listPriceFormatted":"€ 2,36","potency":"","ifap":"Das Arzneimittel ist ein Mittel zur Anwendung in der Nase (Rhinologikum) und enthält das Alpha-Sympathomimetikum Xylometazolin. Xylometazolin hat gefäßverengende Eigenschaften und bewirkt dadurch eine Schleimhautabschwellung. AnwendungsgebietEntzündungszustände der Schleimhäute im Nasen-Rachen-Raum (z.B. Schnupfen; zur Erleichterung des Sekretabflusses bei Nasennebenhöhlenentzündung; bei Tubenmittelohrkatarrh). Das Arzneimittel ist für Säuglinge und Kleinkinder unter 2 Jahren bestimmt.","image":"https://cdn.shop-apotheke.com/images/otriven-gegen-schnupfen-0-025-nasentropfen-nasentropfen-D03842082-p1.jpg","hasImage":true,"deeplink":"baby/3842082/otriven-gegen-schnupfen-0-025-nasentropfen.htm","applicablePromotions":"","variantDetails":"03842082|03842082|19|10 ml|192|baby/3842082/otriven-gegen-schnupfen-0-025-nasentropfen.htm|product.stockStatus.available","stockStatus":"","stockStatusReason":"product.stockStatus.available","inStock":true,"pricePerUnit":"19,20 € / 100 ml","discountInPercent":19,"created":1445173837000,"lastChanged":1598569637000,"ratingsLink":"/produktbewertungen/3842082/otriven-gegen-schnupfen-0-025-nasentropfen.htm","ean":"","RPMultiplier":1,"ribbonText":"","primaryCategory":["Die Online-Apotheke für Deutschland","Die Online-Apotheke für Deutschland/Baby & Familie","Die Online-Apotheke für Deutschland/Baby & Familie/Rund ums Baby","Die Online-Apotheke für Deutschland/Baby & Familie/Rund ums Baby/Baby- & Kindergesundheit","Die Online-Apotheke für Deutschland/Baby & Familie/Rund ums Baby/Baby- & Kindergesundheit/Erkältung, Schmerzen & Fieber"],"topsellerCountBucket":11,"filterAttributes":[],"filterRating":0.04,"packSize":"10 ml","variants":[{"id":"03842082","text":"Ideal für Säuglinge","webDetailPath":"baby/3842082/otriven-gegen-schnupfen-0-025-nasentropfen.htm","stock":"product.stockStatus.available","active":true,"discount":"19","retailPrice":"192","listPrice":"236","packSize":"10 ml","nowProductGroup":"sameday_nextday","attributes":["apothekenpflichtig","Arzneimittel"],"productName":"Otriven® gegen Schnupfen 0,025 % Nasentropfen","pricePerUnit":"19,20 € / 100 ml","imageUrl":"https://cdn.shop-apotheke.com/images/otriven-gegen-schnupfen-0-025-nasentropfen-nasentropfen-D03842082-p1.jpg","pharmaForm":"Nasentropfen","ribbonText":"","RPMultiplier":"1"}],"master":true,"marketplace":true,"nowProductGroup":"sameday_nextday","notOnStockMessage":"","stockStatusColor":"green","categoryCodes":["csd00362","csd02667","csd00372","csd00374","csd00001","csd00020","csd00028","csd00033","csd00061","csd01060","root","catalogs","main","brandshop","csd01373","csd01378","csd01381","csd01383","csd01434","csd02271","csd02862","csd03171","csd03172","landingpages","csd03339","csd03344","csd03524"],"prices":{"listPrice":{"amount":2.36,"net":2.03,"currency":"EUR","info":{"index":1,"text":"AVP / UVP"}},"retailPrice":{"amount":1.92,"net":1.66,"currency":"EUR","info":{"index":1,"text":"AVP / UVP"}}},"calculatedRatingRanking":3.3,"objectID":"03842082","_highlightResult":{"activeSubstances":[{"value":"Xylometazolin hydrochlorid","matchLevel":"none","matchedWords":[]}]},"_rankingInfo":{"nbTypos":0,"firstMatchedWord":0,"proximityDistance":0,"userScore":180,"geoDistance":0,"geoPrecision":1,"nbExactWords":0,"words":1,"filters":1,"personalization":{"score":0,"rankingScore":0,"filtersScore":0,"textualRelevanceBucket":1,"initialPosition":120,"newPosition":120}}},{"brandCode":"csd2825","pzn":"08098758","productName":"octenisept® Set","secondaryCategories":["Erste Hilfe & Verbandmittel","Haut- & Wunddesinfektion","Reiseapotheke","Reisesets","Hausapotheke","% Hausapotheke Spar-Sets %","Landingpages","NOW! Reiseapotheke","Landingpages","Unsere Top-Produkte","Landingpages","RedPoints Sommeraktion"],"manufacturer":"SCHÜLKE & MAYR GmbH","pharmaForm":"Set","brand":"octenisept","brandIntern":"schülke","subBrandIntern":"octenisept®","activeSubstances":[],"additiveSubstances":[],"additiveSubstancesHtml":"","descriptionShort":"Zur optimalen Versorgung von Wunden","keywords":[],"unit":"St","unitQuantityString":"1","masterID":"08098758","indicationRanges":[],"ratingCount":21,"averageRating":4.95,"attributes":["Arzneimittel"],"prescriptionMedicine":false,"price":1238,"listPrice":1411,"netRetailPrice":1067,"priceFormatted":"€ 12,38","listPriceFormatted":"€ 14,11","potency":"","ifap":"","image":"https://cdn.shop-apotheke.com/images/octenisept-set-set-D08098758-p1.jpg","hasImage":true,"deeplink":"arzneimittel/8098758/octenisept-set.htm","applicablePromotions":"promotion=Sparsets","variantDetails":"08098758|08098758|12|1 St|1238|arzneimittel/8098758/octenisept-set.htm|product.stockStatus.available","stockStatus":"","stockStatusReason":"product.stockStatus.available","inStock":true,"pricePerUnit":"","discountInPercent":12,"created":1469191209000,"lastChanged":1598591407000,"ratingsLink":"/produktbewertungen/8098758/octenisept-set.htm","ean":"","RPMultiplier":1,"ribbonText":"Sparset","primaryCategory":["Die Online-Apotheke für Deutschland","Die Online-Apotheke für Deutschland/Arzneimittel & weitere Produkte ","Die Online-Apotheke für Deutschland/Arzneimittel & weitere Produkte /Haus- & Reiseapotheke","Die Online-Apotheke für Deutschland/Arzneimittel & weitere Produkte /Haus- & Reiseapotheke/Hausapotheke","Die Online-Apotheke für Deutschland/Arzneimittel & weitere Produkte /Haus- & Reiseapotheke/Hausapotheke/Wundheilung"],"topsellerCountBucket":11,"filterAttributes":[],"filterRating":0.05,"packSize":"1 St","variants":[{"id":"08098758","text":"Zur optimalen Versorgung von Wunden","webDetailPath":"arzneimittel/8098758/octenisept-set.htm","stock":"product.stockStatus.available","active":true,"discount":"12","retailPrice":"1238","listPrice":"1411","packSize":"1 St","nowProductGroup":"sameday_nextday","attributes":["Arzneimittel"],"productName":"octenisept® Set","pricePerUnit":"","imageUrl":"https://cdn.shop-apotheke.com/images/octenisept-set-set-D08098758-p1.jpg","pharmaForm":"Set","ribbonText":"Sparset","RPMultiplier":"1"}],"master":true,"marketplace":false,"nowProductGroup":"sameday_nextday","notOnStockMessage":"","stockStatusColor":"green","categoryCodes":["csd00001","csd00077","csd02753","csd00141","csd00078","csd00092","csd00116","csd00119","csd03091","root","catalogs","main","landingpages","csd03476","csd03506","csd04394"],"prices":{"listPrice":{"amount":14.11,"net":12.16,"currency":"EUR","info":{"index":1,"text":"AVP / UVP"}},"retailPrice":{"amount":12.38,"net":10.67,"currency":"EUR","info":{"index":1,"text":"AVP / UVP"}}},"calculatedRatingRanking":3.22,"objectID":"08098758","_rankingInfo":{"nbTypos":0,"firstMatchedWord":0,"proximityDistance":0,"userScore":179,"geoDistance":0,"geoPrecision":1,"nbExactWords":0,"words":1,"filters":1,"personalization":{"score":0,"rankingScore":0,"filtersScore":0,"textualRelevanceBucket":1,"initialPosition":121,"newPosition":121}}},{"brandCode":"csd2803","pzn":"05023939","productName":"Voltaren® Dolo Liquid 25 mg","secondaryCategories":["Voltaren","Nackenschmerzen","Voltaren","Verspannungen","Voltaren","Muskel – und Gelenkschmerzen","Ratgeber","Bewegungsschmerzen","Landingpages","NOW! Erkältung","Landingpages","Flash Deal Erkaeltung","Black Friday®","Erkältungs-Produkte","Schmerzen","Fiebersenkende Schmerzmittel","Erkältung & Grippe","Fiebersenkende Schmerzmittel","Healthy Deals","RedPoints-Aktion","Landingpages","Top 100","Voltaren","Rückenschmerzen","Voltaren","Knieschmerzen"],"manufacturer":"GlaxoSmithKline Consumer Healthcare","pharmaForm":"Weichkapseln","brand":"Voltaren Dolo Liquid","brandIntern":"Voltaren®","subBrandIntern":"Dolo","activeSubstances":["Diclofenac kalium"],"additiveSubstances":["Chinolingelb","Lösung von partiell dehydratisiertem Sorbitol","Gelatine","Wasser, gereinigtes","Macrogol 600","Glycerol 85%"],"additiveSubstancesHtml":"<ul><li>Chinolingelb</li><li>Lösung von partiell dehydratisiertem Sorbitol</li><li>Gelatine</li><li>Wasser, gereinigtes</li><li>Macrogol 600</li><li>Glycerol 85%</li></ul>","descriptionShort":"Zur Einnahme bei Schmerzen, Entzündungen und Schwellungen","keywords":[],"unit":"St","unitQuantityString":"20","masterID":"05023922","indicationRanges":["Analgetika/ Antipyretika","Antipyretisch wirkende Analgetika","Sonstige Monopräparate"],"ratingCount":42,"averageRating":4.95,"attributes":["apothekenpflichtig","Arzneimittel"],"prescriptionMedicine":false,"price":869,"listPrice":1166,"netRetailPrice":749,"priceFormatted":"€ 8,69","listPriceFormatted":"€ 11,66","potency":"","ifap":"Das Präparat ist ein schmerzstillendes und entzündungshemmendes Arzneimittel aus der Gruppe der sogenannten nichtsteroidalen Antiphlogistika/Analgetika (im Folgenden abgekürzt als „NSAR&quot; = Entzündungs- und Schmerzhemmer). AnwendungsgebieteDas Arzneimittel wird eingenommen zur symptomatischen Behandlung vonleichten bis mäßig starken Schmerzen, Fieber.","image":"https://cdn.shop-apotheke.com/images/voltaren-dolo-liquid-25-mg-weichkapseln-D05023939-p1.jpg","hasImage":true,"deeplink":"arzneimittel/5023939/voltaren-dolo-liquid-25-mg.htm","applicablePromotions":"","variantDetails":"05023922|05023939|25|20 St|869|arzneimittel/5023939/voltaren-dolo-liquid-25-mg.htm|product.stockStatus.available","stockStatus":"","stockStatusReason":"product.stockStatus.available","inStock":true,"pricePerUnit":"","discountInPercent":25,"created":1445165124000,"lastChanged":1598570010000,"ratingsLink":"/produktbewertungen/5023939/voltaren-dolo-liquid-25-mg.htm","ean":"","RPMultiplier":1,"ribbonText":"","primaryCategory":["Die Online-Apotheke für Deutschland","Die Online-Apotheke für Deutschland/Arzneimittel & weitere Produkte ","Die Online-Apotheke für Deutschland/Arzneimittel & weitere Produkte /Schmerzen","Die Online-Apotheke für Deutschland/Arzneimittel & weitere Produkte /Schmerzen/Kopfschmerzen","Die Online-Apotheke für Deutschland/Arzneimittel & weitere Produkte /Schmerzen/Kopfschmerzen/Diclofenac"],"topsellerCountBucket":11,"filterAttributes":[],"filterRating":0.05,"packSize":"20 St","variants":[{"id":"05023922","text":"Zur Einnahme bei Schmerzen, Entzündungen und Schwellungen","webDetailPath":"arzneimittel/5023922/voltaren-dolo-liquid-25-mg.htm","stock":"product.stockStatus.available","active":true,"discount":"28","retailPrice":"519","listPrice":"722","packSize":"10 St","nowProductGroup":"sameday_nextday","attributes":["apothekenpflichtig","Arzneimittel"],"productName":"Voltaren® Dolo Liquid 25 mg","pricePerUnit":"","imageUrl":"https://cdn.shop-apotheke.com/images/voltaren-dolo-liquid-25-mg-weichkapseln-D05023922-p1.jpg","pharmaForm":"Weichkapseln","ribbonText":"","RPMultiplier":"1"},{"id":"05023939","text":"Zur Einnahme bei Schmerzen, Entzündungen und Schwellungen","webDetailPath":"arzneimittel/5023939/voltaren-dolo-liquid-25-mg.htm","stock":"product.stockStatus.available","active":false,"discount":"25","retailPrice":"869","listPrice":"1166","packSize":"20 St","nowProductGroup":"sameday_nextday","attributes":["apothekenpflichtig","Arzneimittel"],"productName":"Voltaren® Dolo Liquid 25 mg","pricePerUnit":"","imageUrl":"https://cdn.shop-apotheke.com/images/voltaren-dolo-liquid-25-mg-weichkapseln-D05023939-p1.jpg","pharmaForm":"Weichkapseln","ribbonText":"","RPMultiplier":"1"}],"master":false,"marketplace":true,"nowProductGroup":"sameday_nextday","notOnStockMessage":"","stockStatusColor":"green","categoryCodes":["csd00001","csd00269","csd02394","csd02398","csd00275","csd00061","csd01059","root","catalogs","main","themeshop","csd01136","csd01434","csd02271","csd02862","landingpages","csd03040","csd02968","csd03288","csd03341","csd03524","brandshop","csd1603","csd04439","csd1604","csd1605","csd1606","csd1613"],"prices":{"listPrice":{"amount":11.66,"net":10.05,"currency":"EUR","info":{"index":1,"text":"AVP / UVP"}},"retailPrice":{"amount":8.69,"net":7.49,"currency":"EUR","info":{"index":1,"text":"AVP / UVP"}}},"calculatedRatingRanking":3.62,"objectID":"05023939","_highlightResult":{"activeSubstances":[{"value":"Diclofenac kalium","matchLevel":"none","matchedWords":[]}]},"_rankingInfo":{"nbTypos":0,"firstMatchedWord":0,"proximityDistance":0,"userScore":178,"geoDistance":0,"geoPrecision":1,"nbExactWords":0,"words":1,"filters":1,"personalization":{"score":0,"rankingScore":0,"filtersScore":0,"textualRelevanceBucket":1,"initialPosition":122,"newPosition":122}}},{"brandCode":"csd2947","pzn":"11663488","productName":"Hansaplast Erste Hilfe Pflaster Mix","secondaryCategories":["Pflaster","Die Klassiker","Pflaster","Wasserabweisend","Pflaster","Für empfindliche Haut","Hausapotheke","Wundheilung","Pflaster","empfindliche Haut","Pflaster","wasserabweisend","Landingpages","NOW! Reiseapotheke","Landingpages","Top Kunden Sommer"],"manufacturer":"Beiersdorf AG","pharmaForm":"Pflaster","brand":"Hansaplast","brandIntern":"Hansaplast","subBrandIntern":"","activeSubstances":[],"additiveSubstances":[],"additiveSubstancesHtml":"","descriptionShort":"Die praktische Mischung aus 20 Pflastern in verschiedenen Größen für alle Fälle","keywords":[],"unit":"St","unitQuantityString":"20","masterID":"11663488","indicationRanges":[],"ratingCount":13,"averageRating":4.92,"attributes":[],"prescriptionMedicine":false,"price":301,"listPrice":325,"netRetailPrice":259,"priceFormatted":"€ 3,01","listPriceFormatted":"€ 3,25","potency":"","ifap":"","image":"https://cdn.shop-apotheke.com/images/hansaplast-erste-hilfe-pflaster-mix-pflaster-D11663488-p1.jpg","hasImage":true,"deeplink":"arzneimittel/11663488/hansaplast-erste-hilfe-pflaster-mix.htm","applicablePromotions":"","variantDetails":"11663488|11663488|7|20 St|301|arzneimittel/11663488/hansaplast-erste-hilfe-pflaster-mix.htm|product.stockStatus.available","stockStatus":"","stockStatusReason":"product.stockStatus.available","inStock":true,"pricePerUnit":"","discountInPercent":7,"created":1472481903000,"lastChanged":1598598481000,"ratingsLink":"/produktbewertungen/11663488/hansaplast-erste-hilfe-pflaster-mix.htm","ean":"4005800160721","RPMultiplier":1,"ribbonText":"","primaryCategory":["Die Online-Apotheke für Deutschland","Die Online-Apotheke für Deutschland/Arzneimittel & weitere Produkte ","Die Online-Apotheke für Deutschland/Arzneimittel & weitere Produkte /Haus- & Reiseapotheke","Die Online-Apotheke für Deutschland/Arzneimittel & weitere Produkte /Haus- & Reiseapotheke/Erste Hilfe & Verbandmittel","Die Online-Apotheke für Deutschland/Arzneimittel & weitere Produkte /Haus- & Reiseapotheke/Erste Hilfe & Verbandmittel/Wundversorgung","Die Online-Apotheke für Deutschland/Arzneimittel & weitere Produkte /Haus- & Reiseapotheke/Erste Hilfe & Verbandmittel/Wundversorgung/Pflaster","Die Online-Apotheke für Deutschland/Arzneimittel & weitere Produkte /Haus- & Reiseapotheke/Erste Hilfe & Verbandmittel/Wundversorgung/Pflaster/normale Haut"],"topsellerCountBucket":11,"filterAttributes":[],"filterRating":0.08,"packSize":"20 St","variants":[{"id":"11663488","text":"Die praktische Mischung aus 20 Pflastern in verschiedenen Größen für alle Fälle","webDetailPath":"arzneimittel/11663488/hansaplast-erste-hilfe-pflaster-mix.htm","stock":"product.stockStatus.available","active":true,"discount":"7","retailPrice":"301","listPrice":"325","packSize":"20 St","nowProductGroup":"none","attributes":[],"productName":"Hansaplast Erste Hilfe Pflaster Mix","pricePerUnit":"","imageUrl":"https://cdn.shop-apotheke.com/images/hansaplast-erste-hilfe-pflaster-mix-pflaster-D11663488-p1.jpg","pharmaForm":"Pflaster","ribbonText":"","RPMultiplier":"1"}],"master":true,"marketplace":true,"nowProductGroup":"none","notOnStockMessage":"","stockStatusColor":"green","categoryCodes":["csd00001","csd00077","csd00078","csd00094","csd00102","csd00105","csd00103","csd00106","csd02753","csd00141","root","catalogs","main","landingpages","csd03476","csd03715","brandshop","csd1825","csd1827","csd1828","csd1829","csd1832"],"prices":{"listPrice":{"amount":3.25,"net":2.8,"currency":"EUR","info":{"index":1,"text":"AVP / UVP"}},"retailPrice":{"amount":3.01,"net":2.59,"currency":"EUR","info":{"index":1,"text":"AVP / UVP"}}},"calculatedRatingRanking":3,"objectID":"11663488","_rankingInfo":{"nbTypos":0,"firstMatchedWord":0,"proximityDistance":0,"userScore":177,"geoDistance":0,"geoPrecision":1,"nbExactWords":0,"words":1,"filters":1,"personalization":{"score":0,"rankingScore":0,"filtersScore":0,"textualRelevanceBucket":1,"initialPosition":123,"newPosition":123}}},{"brandCode":"csd2246","pzn":"06706155","productName":"Aspirin® Protect 100 mg Tabletten","secondaryCategories":["Black Friday®","30% und mehr","UNSERE ADVENTS-ÜBERASCHUNG EXKLUSIV FÜR UNSERE BESTEN KUNDEN.","Advent 3"],"manufacturer":"Bayer Vital GmbH GB Pharma","pharmaForm":"Tabletten magensaftresistent","brand":"Aspirin protect","brandIntern":"ASPIRIN®","subBrandIntern":"Protect","activeSubstances":["Acetylsalicylsäure"],"additiveSubstances":["Triethylcitrat","Cellulosepulver","Methacrylsäure-Ethylacrylat-Copolymer (1:1) Dispersion 30%","Natriumdodecylsulfat","Maisstärke","Polysorbat 80","Talkum"],"additiveSubstancesHtml":"<ul><li>Triethylcitrat</li><li>Cellulosepulver</li><li>Methacrylsäure-Ethylacrylat-Copolymer (1:1) Dispersion 30%</li><li>Natriumdodecylsulfat</li><li>Maisstärke</li><li>Polysorbat 80</li><li>Talkum</li></ul>","descriptionShort":"Zur Vorbeugung von Schlaganfällen nach überstandenem Schlaganfall","keywords":["thrombose","blutgerinnung","blutverdünnung"],"unit":"St","unitQuantityString":"98","masterID":"06706149","indicationRanges":["Blut und Blutbildung beeinflussende Pharmaka","Thrombozytenfunktionshemmer","Salicylate"],"ratingCount":86,"averageRating":4.92,"attributes":["apothekenpflichtig","Arzneimittel"],"prescriptionMedicine":false,"price":996,"listPrice":1247,"netRetailPrice":859,"priceFormatted":"€ 9,96","listPriceFormatted":"€ 12,47","potency":"","ifap":"Das Arzneimittel hemmt u.a. das Zusammenhaften und Verklumpen von Blutplättchen (Thrombozyten) und beugt dadurch der Entstehung von Blutgerinnseln (Thromben) vor (Thrombozytenaggregationshemmung). Das Arzneimittel wird angewendet:Bei instabiler Angina pectoris (Herzschmerzen aufgrund von Durchblutungsstörungen in den Herzkranzgefäßen) - als Teil der Standardtherapie, Bei akutem Herzinfarkt - als Teil der Standardtherapie, Zur Vorbeugung eines weiteren Herzinfarktes nach erstem Herzinfarkt (zur Reinfarktprophylaxe), Nach Operationen oder anderen Eingriffen an arteriellen Blutgefäßen (nach arteriellen gefäßchirurgischen oder interventionellen Eingriffen, z. B. nach aortokoronarem Venen-Bypass [ACVB], bei perkutaner transluminaler koronarer Angioplastie [PTCA]), Zur Vorbeugung von vorübergehender Mangeldurchblutung im Gehirn (TIA: transitorisch ischämische Attacken) und Hirninfarkten, nachdem Vorläuferstadien (z. B. vorübergehende Lähmungserscheinungen im Gesicht oder der Armmuskulatur oder vorübergehender Sehverlust) aufgetreten sind. Beim Kawasaki-Syndrom (eine seltene, akut fieberhafte Erkrankung im Kindesalter, die unter anderem Haut und Lymphknoten befällt):Zur Entzündungshemmung während der Fieber-Phase, Zur Vorbeugung gegen Blutgerinnsel bei Wandveränderungen der Herzkranzgefäße (prophylaktische Thrombozytenaggregationshemmung bei koronararteriellen Aneurysmen). Hinweis: Das Arzneimitel eignet sich nicht zur Behandlung von Schmerzzuständen.","image":"https://cdn.shop-apotheke.com/images/aspirin-protect-100-mg-tabletten-tabletten-magensaftresistent-D06706155-p1.jpg","hasImage":true,"deeplink":"arzneimittel/6706155/aspirin-protect-100-mg-tabletten.htm","applicablePromotions":"","variantDetails":"06706149|06706155|20|98 St|996|arzneimittel/6706155/aspirin-protect-100-mg-tabletten.htm|product.stockStatus.available","stockStatus":"","stockStatusReason":"product.stockStatus.available","inStock":true,"pricePerUnit":"","discountInPercent":20,"created":1445163931000,"lastChanged":1598570327000,"ratingsLink":"/produktbewertungen/6706155/aspirin-protect-100-mg-tabletten.htm","ean":"","RPMultiplier":1,"ribbonText":"","primaryCategory":["Die Online-Apotheke für Deutschland","Die Online-Apotheke für Deutschland/Arzneimittel & weitere Produkte ","Die Online-Apotheke für Deutschland/Arzneimittel & weitere Produkte /Herz, Kreislauf & Gefäße","Die Online-Apotheke für Deutschland/Arzneimittel & weitere Produkte /Herz, Kreislauf & Gefäße/Blutverdünnung"],"topsellerCountBucket":11,"filterAttributes":[],"filterRating":0.08,"packSize":"98 St","variants":[{"id":"06706149","text":"Zur Vorbeugung von Schlaganfällen nach überstandenem Schlaganfall","webDetailPath":"arzneimittel/6706149/aspirin-protect-100-mg-tabletten.htm","stock":"product.stockStatus.available","active":true,"discount":"20","retailPrice":"480","listPrice":"601","packSize":"42 St","nowProductGroup":"sameday_nextday","attributes":["apothekenpflichtig","Arzneimittel"],"productName":"Aspirin® Protect 100 mg Tabletten","pricePerUnit":"","imageUrl":"https://cdn.shop-apotheke.com/images/aspirin-protect-100-mg-tabletten-tabletten-magensaftresistent-D06706149-p1.jpg","pharmaForm":"Tabletten magensaftresistent","ribbonText":"","RPMultiplier":"1"},{"id":"06706155","text":"Zur Vorbeugung von Schlaganfällen nach überstandenem Schlaganfall","webDetailPath":"arzneimittel/6706155/aspirin-protect-100-mg-tabletten.htm","stock":"product.stockStatus.available","active":false,"discount":"20","retailPrice":"996","listPrice":"1247","packSize":"98 St","nowProductGroup":"sameday_nextday","attributes":["apothekenpflichtig","Arzneimittel"],"productName":"Aspirin® Protect 100 mg Tabletten","pricePerUnit":"","imageUrl":"https://cdn.shop-apotheke.com/images/aspirin-protect-100-mg-tabletten-tabletten-magensaftresistent-D06706155-p1.jpg","pharmaForm":"Tabletten magensaftresistent","ribbonText":"","RPMultiplier":"1"}],"master":false,"marketplace":false,"nowProductGroup":"sameday_nextday","notOnStockMessage":"","stockStatusColor":"green","categoryCodes":["csd00001","csd00175","csd00179","csd01434","csd02271","csd02859","root","catalogs","main","landingpages","csd03646","csd03644"],"prices":{"listPrice":{"amount":12.47,"net":10.75,"currency":"EUR","info":{"index":1,"text":"AVP / UVP"}},"retailPrice":{"amount":9.96,"net":8.59,"currency":"EUR","info":{"index":1,"text":"AVP / UVP"}}},"calculatedRatingRanking":4.03,"objectID":"06706155","_highlightResult":{"activeSubstances":[{"value":"<ais-highlight-0000000000>A</ais-highlight-0000000000>cetylsalicylsäure","matchLevel":"full","fullyHighlighted":false,"matchedWords":["a"]}]},"_rankingInfo":{"nbTypos":0,"firstMatchedWord":0,"proximityDistance":0,"userScore":176,"geoDistance":0,"geoPrecision":1,"nbExactWords":0,"words":1,"filters":1,"personalization":{"score":0,"rankingScore":0,"filtersScore":0,"textualRelevanceBucket":1,"initialPosition":124,"newPosition":124}}},{"brandCode":"csd2241","pzn":"04114918","productName":"ASPIRIN® Complex Granulat","secondaryCategories":["Ratgeber","Kopfschmerzen","Black Friday®","Erkältungs-Produkte","Landingpages","40 Reiseknüller","Landingpages","100 Topseller","Landingpages","SHOP APOTHEKE NOW!","Healthy Deals","Healthy Deals Reiseapotheke","Healthy Deals","Healthy Deals Aktionsprodukte","Landingpages","Healthy Deals App-Angebote","Healthy Deals","RedPoints-Aktion"],"manufacturer":"Bayer Vital GmbH","pharmaForm":"Granulat","brand":"Aspirin Complex","brandIntern":"ASPIRIN®","subBrandIntern":"Complex","activeSubstances":["Acetylsalicylsäure","Pseudoephedrin hydrochlorid"],"additiveSubstances":["Hypromellose","Apfelsinen-Aroma","Saccharin","Saccharose","Citronensäure"],"additiveSubstancesHtml":"<ul><li>Hypromellose</li><li>Apfelsinen-Aroma</li><li>Saccharin</li><li>Saccharose</li><li>Citronensäure</li></ul>","descriptionShort":"Befreit von Schnupfen und lindert schnell Erkältungsschmerzen","keywords":["Grippe","Erkältung","Schnupfen","Schmerzen","Fieber"],"unit":"St","unitQuantityString":"20","masterID":"03227112","indicationRanges":["Atemwegskrankheiten und grippale Infekte","Mittel bei grippalen Infekten","Fieber-/ Schnupfenmittel"],"ratingCount":296,"averageRating":4.92,"attributes":["apothekenpflichtig","Arzneimittel"],"prescriptionMedicine":false,"price":1071,"listPrice":1477,"netRetailPrice":923,"priceFormatted":"€ 10,71","listPriceFormatted":"€ 14,77","potency":"","ifap":"Das Arzneimittel hat schmerzlindernde (analgetische), entzündungshemmende (antiphlogistische), fiebersenkende (antipyretische) und nasenschleimhautabschwellende Eigenschaften. Das weiße bis gelbliche Granulat enthält zwei Wirkstoffe, Acetylsalicylsäure und Pseudoephedrinhydrochlorid. Das Arzneimittel wird angewendet zur symptomatischen Behandlung von Schleimhautschwellung der Nase und Nebenhöhlen bei Schnupfen (Rhinosinusitis) mit Schmerzen und Fieber im Rahmen einer Erkältung bzw. eines grippalen Infektes. Wenn Sie nur eines der oben genannten Krankheitszeichen haben, ist die Behandlung mit einem Präparat, das nur einen Wirkstoff enthält, zu bevorzugen.","image":"https://cdn.shop-apotheke.com/images/aspirin-complex-granulat-granulat-D04114918-p1.jpg","hasImage":true,"deeplink":"arzneimittel/4114918/aspirin-complex-granulat.htm","applicablePromotions":"","variantDetails":"03227112|04114918|27|20 St|1071|arzneimittel/4114918/aspirin-complex-granulat.htm|product.stockStatus.available","stockStatus":"","stockStatusReason":"product.stockStatus.available","inStock":true,"pricePerUnit":"","discountInPercent":27,"created":1445163604000,"lastChanged":1598569711000,"ratingsLink":"/produktbewertungen/4114918/aspirin-complex-granulat.htm","ean":"","RPMultiplier":1,"ribbonText":"","primaryCategory":["Die Online-Apotheke für Deutschland","Die Online-Apotheke für Deutschland/Arzneimittel & weitere Produkte ","Die Online-Apotheke für Deutschland/Arzneimittel & weitere Produkte /Erkältung & Grippe","Die Online-Apotheke für Deutschland/Arzneimittel & weitere Produkte /Erkältung & Grippe/Grippale Infekte"],"topsellerCountBucket":11,"filterAttributes":[],"filterRating":0.08,"packSize":"20 St","variants":[{"id":"03227112","text":"befreit von Schnupfen und lindert schnell Erkältungsschmerzen","webDetailPath":"arzneimittel/3227112/aspirin-complex-granulat.htm","stock":"product.stockStatus.available","active":true,"discount":"28","retailPrice":"641","listPrice":"896","packSize":"10 St","nowProductGroup":"sameday_nextday","attributes":["apothekenpflichtig","Arzneimittel"],"productName":"ASPIRIN® Complex Granulat","pricePerUnit":"","imageUrl":"https://cdn.shop-apotheke.com/images/aspirin-complex-granulat-granulat-D03227112-p1.jpg","pharmaForm":"Granulat","ribbonText":"","RPMultiplier":"1"},{"id":"04114918","text":"Befreit von Schnupfen und lindert schnell Erkältungsschmerzen","webDetailPath":"arzneimittel/4114918/aspirin-complex-granulat.htm","stock":"product.stockStatus.available","active":false,"discount":"27","retailPrice":"1071","listPrice":"1477","packSize":"20 St","nowProductGroup":"sameday_nextday","attributes":["apothekenpflichtig","Arzneimittel"],"productName":"ASPIRIN® Complex Granulat","pricePerUnit":"","imageUrl":"https://cdn.shop-apotheke.com/images/aspirin-complex-granulat-granulat-D04114918-p1.jpg","pharmaForm":"Granulat","ribbonText":"","RPMultiplier":"1"}],"master":false,"marketplace":true,"nowProductGroup":"sameday_nextday","notOnStockMessage":"","stockStatusColor":"green","categoryCodes":["csd00001","csd00061","csd00065","root","catalogs","main","themeshop","csd01416","csd01434","csd02271","csd02862","csd02968","csd03288","landingpages","csd03339","csd03344","csd03461","csd03569","csd03635","csd03743"],"prices":{"listPrice":{"amount":14.77,"net":12.73,"currency":"EUR","info":{"index":1,"text":"AVP / UVP"}},"retailPrice":{"amount":10.71,"net":9.23,"currency":"EUR","info":{"index":1,"text":"AVP / UVP"}}},"calculatedRatingRanking":4.57,"objectID":"04114918","_highlightResult":{"activeSubstances":[{"value":"<ais-highlight-0000000000>A</ais-highlight-0000000000>cetylsalicylsäure","matchLevel":"full","fullyHighlighted":false,"matchedWords":["a"]},{"value":"Pseudoephedrin hydrochlorid","matchLevel":"none","matchedWords":[]}]},"_rankingInfo":{"nbTypos":0,"firstMatchedWord":0,"proximityDistance":0,"userScore":175,"geoDistance":0,"geoPrecision":1,"nbExactWords":0,"words":1,"filters":1,"personalization":{"score":0,"rankingScore":0,"filtersScore":0,"textualRelevanceBucket":1,"initialPosition":125,"newPosition":125}}},{"brandCode":"csd01758","pzn":"03925052","productName":"schnupfen endrine®","secondaryCategories":["Black Friday®","30% und mehr","Erkältung & Grippe","Schnupfen","Landingpages","SHOP APOTHEKE NOW!"],"manufacturer":"Chiesi GmbH","pharmaForm":"Nasenspray","brand":"Schnupfen Endrine","brandIntern":"schnupfen endrine®","subBrandIntern":"","activeSubstances":["Xylometazolin hydrochlorid"],"additiveSubstances":["Macrogol glycerolhydroxystearat","Benzalkonium chlorid","Wasser, gereinigtes","Natriumchlorid","Natriumdihydrogenphosphat-2-Wasser","Dinatriumhydrogenphosphat-2-Wasser","Eucalyptusöl","Levomenthol"],"additiveSubstancesHtml":"<ul><li>Macrogol glycerolhydroxystearat</li><li>Benzalkonium chlorid</li><li>Wasser, gereinigtes</li><li>Natriumchlorid</li><li>Natriumdihydrogenphosphat-2-Wasser</li><li>Dinatriumhydrogenphosphat-2-Wasser</li><li>Eucalyptusöl</li><li>Levomenthol</li></ul>","descriptionShort":"Zum Abschwellen der Nasenschleimhaut","keywords":[],"unit":"ml","unitQuantityString":"10","masterID":"03925052","indicationRanges":["Atemwegskrankheiten und grippale Infekte","Rhinologika, lokale Anwendung","Schnupfenmittel, Sympathomimetika-haltig"],"ratingCount":62,"averageRating":4.92,"attributes":["apothekenpflichtig","Arzneimittel"],"prescriptionMedicine":false,"price":460,"listPrice":561,"netRetailPrice":397,"priceFormatted":"€ 4,60","listPriceFormatted":"€ 5,61","potency":"","ifap":"Das Dosierspray ist ein Schnupfenmittel (Rhinologikum, Alpha-Sympathomimetikum). Der Wirkstoff Xylometazolinhydrochlorid hat gefäßverengende Eigenschaften und bewirkt dadurch eine Abschwellung der Nasenschleimhaut. Das Dosierspray wird angewendetzur Abschwellung der Nasenschleimhaut bei Schnupfen, anfallsweise auftretendem Fließschnupfen (Rhinitis vasomotorica) und allergischem Schnupfen (Rhinitis allergica). zur Erleichterung des Abfließens des Sekrets bei Entzündungen der Nasennebenhöhlen sowie bei Mittelohrentzündung (Katarrh des Tubenmittelohrs) in Verbindung mit Schnupfen. Das Dosierspray ist für Schulkinder und Erwachsene bestimmt.","image":"https://cdn.shop-apotheke.com/images/schnupfen-endrine-nasenspray-D03925052-p1.jpg","hasImage":true,"deeplink":"arzneimittel/3925052/schnupfen-endrine.htm","applicablePromotions":"","variantDetails":"03925052|03925052|18|10 ml|460|arzneimittel/3925052/schnupfen-endrine.htm|product.stockStatus.available","stockStatus":"","stockStatusReason":"product.stockStatus.available","inStock":true,"pricePerUnit":"46,00 € / 100 ml","discountInPercent":18,"created":1445174150000,"lastChanged":1598569660000,"ratingsLink":"/produktbewertungen/3925052/schnupfen-endrine.htm","ean":"","RPMultiplier":1,"ribbonText":"","primaryCategory":["Die Online-Apotheke für Deutschland","Die Online-Apotheke für Deutschland/Arzneimittel & weitere Produkte ","Die Online-Apotheke für Deutschland/Arzneimittel & weitere Produkte /Auge, Nase & Ohr","Die Online-Apotheke für Deutschland/Arzneimittel & weitere Produkte /Auge, Nase & Ohr/Nase","Die Online-Apotheke für Deutschland/Arzneimittel & weitere Produkte /Auge, Nase & Ohr/Nase/Schnupfen"],"topsellerCountBucket":11,"filterAttributes":[],"filterRating":0.08,"packSize":"10 ml","variants":[{"id":"03925052","text":"Zum Abschwellen der Nasenschleimhaut","webDetailPath":"arzneimittel/3925052/schnupfen-endrine.htm","stock":"product.stockStatus.available","active":true,"discount":"18","retailPrice":"460","listPrice":"561","packSize":"10 ml","nowProductGroup":"nextday","attributes":["apothekenpflichtig","Arzneimittel"],"productName":"schnupfen endrine®","pricePerUnit":"46,00 € / 100 ml","imageUrl":"https://cdn.shop-apotheke.com/images/schnupfen-endrine-nasenspray-D03925052-p1.jpg","pharmaForm":"Nasenspray","ribbonText":"","RPMultiplier":"1"}],"master":true,"marketplace":true,"nowProductGroup":"nextday","notOnStockMessage":"","stockStatusColor":"green","categoryCodes":["csd00001","csd00020","csd00028","csd00033","csd00061","csd01060","csd01434","csd02271","csd02859","root","catalogs","main","landingpages","csd03339"],"prices":{"listPrice":{"amount":5.61,"net":4.84,"currency":"EUR","info":{"index":1,"text":"AVP / UVP"}},"retailPrice":{"amount":4.6,"net":3.97,"currency":"EUR","info":{"index":1,"text":"AVP / UVP"}}},"calculatedRatingRanking":3.84,"objectID":"03925052","_highlightResult":{"activeSubstances":[{"value":"Xylometazolin hydrochlorid","matchLevel":"none","matchedWords":[]}]},"_rankingInfo":{"nbTypos":0,"firstMatchedWord":0,"proximityDistance":0,"userScore":174,"geoDistance":0,"geoPrecision":1,"nbExactWords":0,"words":1,"filters":1,"personalization":{"score":0,"rankingScore":0,"filtersScore":0,"textualRelevanceBucket":1,"initialPosition":126,"newPosition":126}}},{"brandCode":"csd2334","pzn":"01540307","productName":"Canesten® GYN 3-Tage-Therapie Vaginalcreme","secondaryCategories":["Vaginale Infektionen","Scheidenpilz","Frauengesundheit","Vaginalpilz","Black Friday®","40% und mehr","Landingpages","SHOP APOTHEKE NOW!","Landingpages","Aktion RED-Points"],"manufacturer":"Bayer Vital GmbH","pharmaForm":"Vaginalcreme","brand":"Canesten Gyn 3-Tage","brandIntern":"Canesten®","subBrandIntern":"GYN","activeSubstances":["Clotrimazol"],"additiveSubstances":["Benzylalkohol","Cetylpalmitat","Cetylstearylalkohol","Wasser, gereinigtes","Octyldodecanol","Polysorbat 60","Sorbitan stearat"],"additiveSubstancesHtml":"<ul><li>Benzylalkohol</li><li>Cetylpalmitat</li><li>Cetylstearylalkohol</li><li>Wasser, gereinigtes</li><li>Octyldodecanol</li><li>Polysorbat 60</li><li>Sorbitan stearat</li></ul>","descriptionShort":"Ermöglicht effektive und bequeme Selbstbehandlung bei Scheidenpilz","keywords":[],"unit":"g","unitQuantityString":"20","masterID":"01540307","indicationRanges":["Gynäkologika/ Vaginaltherapeutika","Vaginaltherapeutika","Antimykotika"],"ratingCount":12,"averageRating":4.92,"attributes":["apothekenpflichtig","Arzneimittel"],"prescriptionMedicine":false,"price":774,"listPrice":1022,"netRetailPrice":667,"priceFormatted":"€ 7,74","listPriceFormatted":"€ 10,22","potency":"","ifap":"Das Arzneimittel ist ein Mittel zur Behandlung von Pilzerkrankungen der Scheide. AnwendungsgebieteEntzündung der Scheide und Ausfluss durch Pilze und Hefen (meist Candida) sowie Superinfektionen mit Clotrimazol-empfindlichen Bakterien","image":"https://cdn.shop-apotheke.com/images/canesten-gyn-3-tage-therapie-vaginalcreme-vaginalcreme-D01540307-p1.jpg","hasImage":true,"deeplink":"arzneimittel/1540307/canesten-gyn-3-tage-therapie-vaginalcreme.htm","applicablePromotions":"","variantDetails":"01540307|01540307|24|20 g|774|arzneimittel/1540307/canesten-gyn-3-tage-therapie-vaginalcreme.htm|product.stockStatus.available","stockStatus":"","stockStatusReason":"product.stockStatus.available","inStock":true,"pricePerUnit":"38,70 € / 100 g","discountInPercent":24,"created":1445175635000,"lastChanged":1598568809000,"ratingsLink":"/produktbewertungen/1540307/canesten-gyn-3-tage-therapie-vaginalcreme.htm","ean":"","RPMultiplier":1,"ribbonText":"","primaryCategory":["Die Online-Apotheke für Deutschland","Die Online-Apotheke für Deutschland/Arzneimittel & weitere Produkte ","Die Online-Apotheke für Deutschland/Arzneimittel & weitere Produkte /Haut, Haare & Nägel","Die Online-Apotheke für Deutschland/Arzneimittel & weitere Produkte /Haut, Haare & Nägel/Haut","Die Online-Apotheke für Deutschland/Arzneimittel & weitere Produkte /Haut, Haare & Nägel/Haut/Pilzinfektion","Die Online-Apotheke für Deutschland/Arzneimittel & weitere Produkte /Haut, Haare & Nägel/Haut/Pilzinfektion/Vaginalpilz"],"topsellerCountBucket":11,"filterAttributes":[],"filterRating":0.08,"packSize":"20 g","variants":[{"id":"01540307","text":"Ermöglicht effektive und bequeme Selbstbehandlung bei Scheidenpilz","webDetailPath":"arzneimittel/1540307/canesten-gyn-3-tage-therapie-vaginalcreme.htm","stock":"product.stockStatus.available","active":true,"discount":"24","retailPrice":"774","listPrice":"1022","packSize":"20 g","nowProductGroup":"sameday_nextday","attributes":["apothekenpflichtig","Arzneimittel"],"productName":"Canesten® GYN 3-Tage-Therapie Vaginalcreme","pricePerUnit":"38,70 € / 100 g","imageUrl":"https://cdn.shop-apotheke.com/images/canesten-gyn-3-tage-therapie-vaginalcreme-vaginalcreme-D01540307-p1.jpg","pharmaForm":"Vaginalcreme","ribbonText":"","RPMultiplier":"1"}],"master":true,"marketplace":true,"nowProductGroup":"sameday_nextday","notOnStockMessage":"","stockStatusColor":"green","categoryCodes":["csd00001","csd00144","csd00158","csd00168","csd00170","csd00072","csd01052","csd01434","csd02271","csd02272","root","catalogs","main","themeshop","csd02975","csd02976","landingpages","csd03159","csd03339"],"prices":{"listPrice":{"amount":10.22,"net":8.81,"currency":"EUR","info":{"index":1,"text":"AVP / UVP"}},"retailPrice":{"amount":7.74,"net":6.67,"currency":"EUR","info":{"index":1,"text":"AVP / UVP"}}},"calculatedRatingRanking":2.97,"objectID":"01540307","_highlightResult":{"activeSubstances":[{"value":"Clotrimazol","matchLevel":"none","matchedWords":[]}]},"_rankingInfo":{"nbTypos":0,"firstMatchedWord":0,"proximityDistance":0,"userScore":173,"geoDistance":0,"geoPrecision":1,"nbExactWords":0,"words":1,"filters":1,"personalization":{"score":0,"rankingScore":0,"filtersScore":0,"textualRelevanceBucket":1,"initialPosition":127,"newPosition":127}}},{"brandCode":"csd01761","pzn":"11548439","productName":"Salviathymol® N Madaus","secondaryCategories":["Pflanzlich","Halsschmerzen","Erkältung & Grippe","Halsschmerzen","Landingpages","Flash Deal Erkaeltung","Black Friday®","Erkältungs-Produkte","UNSERE ADVENTS-ÜBERASCHUNG EXKLUSIV FÜR UNSERE BESTEN KUNDEN.","Advent 2","Landingpages","Gesund durch den Karneval","Landingpages","SHOP APOTHEKE NOW!"],"manufacturer":"MEDA Pharma GmbH & Co.KG","pharmaForm":"Tropfen","brand":"Salviathymol","brandIntern":"Salviathymol®","subBrandIntern":"","activeSubstances":["Eucalyptusöl","Bitterfenchelöl","Pfefferminzöl","Salbeiöl","Zimtöl","Sternanisöl","Nelkenöl","Levomenthol","Thymol"],"additiveSubstances":["Saccharin natrium","Chlorophyll-Kupfer-Komplex","Wasser, gereinigtes","Natriumdodecylsulfat","Propylenglycol","Polysorbat 80","Ethanol 96% (V/V)"],"additiveSubstancesHtml":"<ul><li>Saccharin natrium</li><li>Chlorophyll-Kupfer-Komplex</li><li>Wasser, gereinigtes</li><li>Natriumdodecylsulfat</li><li>Propylenglycol</li><li>Polysorbat 80</li><li>Ethanol 96% (V/V)</li></ul>","descriptionShort":"Mild wirkendes Arzneimittel bei leichten Entzündungen des Zahnfleisches und der Mundschleimhaut","keywords":[],"unit":"ml","unitQuantityString":"100","masterID":"11548391","indicationRanges":["Mund-/ Rachentherapeutika und Zahnpflege","Phytopharmaka"],"ratingCount":124,"averageRating":4.91,"attributes":["apothekenpflichtig","pflanzlich","Arzneimittel"],"prescriptionMedicine":false,"price":1286,"listPrice":1801,"netRetailPrice":1109,"priceFormatted":"€ 12,86","listPriceFormatted":"€ 18,01","potency":"","ifap":"Das Präparat ist ein traditionelles Arzneimittel. Traditionell angewendet als mild wirkendes Arzneimittel bei leichten Entzündungen des Zahnfleisches und der Mundschleimhaut. Sollten bei Entzündungen des Zahnfleisches und der Mundschleimhaut die Beschwerden länger als 1 Woche andauern, ist ein Arzt aufzusuchen.","image":"https://cdn.shop-apotheke.com/images/salviathymol-n-madaus-tropfen-D11548439-p1.jpg","hasImage":true,"deeplink":"arzneimittel/11548439/salviathymol-n-madaus.htm","applicablePromotions":"","variantDetails":"11548391|11548439|29|100 ml|1286|arzneimittel/11548439/salviathymol-n-madaus.htm|product.stockStatus.available","stockStatus":"","stockStatusReason":"product.stockStatus.available","inStock":true,"pricePerUnit":"12,86 € / 100 ml","discountInPercent":29,"created":1492087853000,"lastChanged":1598572112000,"ratingsLink":"/produktbewertungen/11548439/salviathymol-n-madaus.htm","ean":"","RPMultiplier":1,"ribbonText":"","primaryCategory":["Die Online-Apotheke für Deutschland","Die Online-Apotheke für Deutschland/Arzneimittel & weitere Produkte ","Die Online-Apotheke für Deutschland/Arzneimittel & weitere Produkte /Schmerzen","Die Online-Apotheke für Deutschland/Arzneimittel & weitere Produkte /Schmerzen/Halsschmerzen"],"topsellerCountBucket":11,"filterAttributes":["pflanzlich"],"filterRating":0.09,"packSize":"100 ml","variants":[{"id":"11548391","text":"Mild wirkendes Arzneimittel bei leichten Entzündungen des Zahnfleisches und der Mundschleimhaut","webDetailPath":"arzneimittel/11548391/salviathymol-n-madaus.htm","stock":"product.stockStatus.available","active":true,"discount":"20","retailPrice":"545","listPrice":"680","packSize":"20 ml","nowProductGroup":"sameday_nextday","attributes":["apothekenpflichtig","pflanzlich","Arzneimittel"],"productName":"Salviathymol N® Madaus","pricePerUnit":"27,25 € / 100 ml","imageUrl":"https://cdn.shop-apotheke.com/images/salviathymol-n-madaus-tropfen-D11548391-p1.jpg","pharmaForm":"Tropfen","ribbonText":"","RPMultiplier":"1"},{"id":"11548422","text":"Mild wirkendes Arzneimittel bei leichten Entzündungen des Zahnfleisches und der Mundschleimhaut","webDetailPath":"arzneimittel/11548422/salviathymol-n.htm","stock":"product.stockStatus.available","active":false,"discount":"29","retailPrice":"824","listPrice":"1167","packSize":"50 ml","nowProductGroup":"sameday_nextday","attributes":["apothekenpflichtig","pflanzlich","Arzneimittel"],"productName":"Salviathymol® N","pricePerUnit":"16,48 € / 100 ml","imageUrl":"https://cdn.shop-apotheke.com/images/salviathymol-n-tropfen-D11548422-p1.jpg","pharmaForm":"Tropfen","ribbonText":"","RPMultiplier":"1"},{"id":"11548439","text":"Mild wirkendes Arzneimittel bei leichten Entzündungen des Zahnfleisches und der Mundschleimhaut","webDetailPath":"arzneimittel/11548439/salviathymol-n-madaus.htm","stock":"product.stockStatus.available","active":false,"discount":"29","retailPrice":"1286","listPrice":"1801","packSize":"100 ml","nowProductGroup":"sameday_nextday","attributes":["apothekenpflichtig","pflanzlich","Arzneimittel"],"productName":"Salviathymol® N Madaus","pricePerUnit":"12,86 € / 100 ml","imageUrl":"https://cdn.shop-apotheke.com/images/salviathymol-n-madaus-tropfen-D11548439-p1.jpg","pharmaForm":"Tropfen","ribbonText":"","RPMultiplier":"1"}],"master":false,"marketplace":true,"nowProductGroup":"sameday_nextday","notOnStockMessage":"","stockStatusColor":"green","categoryCodes":["csd00001","csd00269","csd00277","csd00850","csd00851","csd00884","csd00893","csd00061","csd01057","csd01434","csd02271","csd02862","root","catalogs","main","landingpages","csd03339","csd03524","csd03646","csd03643","csd03716"],"prices":{"listPrice":{"amount":18.01,"net":15.53,"currency":"EUR","info":{"index":1,"text":"AVP / UVP"}},"retailPrice":{"amount":12.86,"net":11.09,"currency":"EUR","info":{"index":1,"text":"AVP / UVP"}}},"calculatedRatingRanking":4.22,"objectID":"11548439","_highlightResult":{"activeSubstances":[{"value":"Eucalyptusöl","matchLevel":"none","matchedWords":[]},{"value":"Bitterfenchelöl","matchLevel":"none","matchedWords":[]},{"value":"Pfefferminzöl","matchLevel":"none","matchedWords":[]},{"value":"Salbeiöl","matchLevel":"none","matchedWords":[]},{"value":"Zimtöl","matchLevel":"none","matchedWords":[]},{"value":"Sternanisöl","matchLevel":"none","matchedWords":[]},{"value":"Nelkenöl","matchLevel":"none","matchedWords":[]},{"value":"Levomenthol","matchLevel":"none","matchedWords":[]},{"value":"Thymol","matchLevel":"none","matchedWords":[]}]},"_rankingInfo":{"nbTypos":0,"firstMatchedWord":0,"proximityDistance":0,"userScore":172,"geoDistance":0,"geoPrecision":1,"nbExactWords":0,"words":1,"filters":1,"personalization":{"score":0,"rankingScore":0,"filtersScore":0,"textualRelevanceBucket":1,"initialPosition":128,"newPosition":128}}},{"brandCode":"csd2610","pzn":"02882760","productName":"nasic® O.K. Nasenspray","secondaryCategories":["Ratgeber","Schnupfen","Landingpages","Produktübersicht nasic®","Black Friday®","30% und mehr","Erkältung & Grippe","Schnupfen","Landingpages","NOW! Erkältung","Landingpages","Flash Deal Erkaeltung","Landingpages","NOW! Reiseapotheke","Black Friday®","Erkältungs-Produkte","Landingpages","SHOP APOTHEKE NOW!","Landingpages","Top 100"],"manufacturer":"MCM KLOSTERFRAU Vertr. GmbH","pharmaForm":"Nasenspray","brand":"nasic","brandIntern":"nasic®","subBrandIntern":"","activeSubstances":["Dexpanthenol","Xylometazolin hydrochlorid"],"additiveSubstances":["Kaliumdihydrogenphosphat","Wasser, gereinigtes","Dinatriumhydrogenphosphat-12-Wasser"],"additiveSubstancesHtml":"<ul><li>Kaliumdihydrogenphosphat</li><li>Wasser, gereinigtes</li><li>Dinatriumhydrogenphosphat-12-Wasser</li></ul>","descriptionShort":"Zur Abschwellung der Nasenschleimhaut bei Schnupfen","keywords":[],"unit":"ml","unitQuantityString":"10","masterID":"02882760","indicationRanges":["Atemwegskrankheiten und grippale Infekte","Rhinologika, lokale Anwendung","Schnupfenmittel, Sympathomimetika-haltig"],"ratingCount":21,"averageRating":4.91,"attributes":["apothekenpflichtig","Arzneimittel"],"prescriptionMedicine":false,"price":476,"listPrice":706,"netRetailPrice":410,"priceFormatted":"€ 4,76","listPriceFormatted":"€ 7,06","potency":"","ifap":"","image":"https://cdn.shop-apotheke.com/images/nasic-o-k-nasenspray-nasenspray-D02882760-p1.jpg","hasImage":true,"deeplink":"arzneimittel/2882760/nasic-o-k-nasenspray.htm","applicablePromotions":"","variantDetails":"02882760|02882760|33|10 ml|476|arzneimittel/2882760/nasic-o-k-nasenspray.htm|product.stockStatus.available","stockStatus":"","stockStatusReason":"product.stockStatus.available","inStock":true,"pricePerUnit":"47,60 € / 100 ml","discountInPercent":33,"created":1445175342000,"lastChanged":1598591405000,"ratingsLink":"/produktbewertungen/2882760/nasic-o-k-nasenspray.htm","ean":"4008617225294","RPMultiplier":1,"ribbonText":"","primaryCategory":["Die Online-Apotheke für Deutschland","Die Online-Apotheke für Deutschland/Arzneimittel & weitere Produkte ","Die Online-Apotheke für Deutschland/Arzneimittel & weitere Produkte /Auge, Nase & Ohr","Die Online-Apotheke für Deutschland/Arzneimittel & weitere Produkte /Auge, Nase & Ohr/Nase","Die Online-Apotheke für Deutschland/Arzneimittel & weitere Produkte /Auge, Nase & Ohr/Nase/Schnupfen"],"topsellerCountBucket":11,"filterAttributes":[],"filterRating":0.09,"packSize":"10 ml","variants":[{"id":"02882760","text":"Zur Abschwellung der Nasenschleimhaut bei Schnupfen","webDetailPath":"arzneimittel/2882760/nasic-o-k-nasenspray.htm","stock":"product.stockStatus.available","active":true,"discount":"33","retailPrice":"476","listPrice":"706","packSize":"10 ml","nowProductGroup":"sameday_nextday","attributes":["apothekenpflichtig","Arzneimittel"],"productName":"nasic® O.K. Nasenspray","pricePerUnit":"47,60 € / 100 ml","imageUrl":"https://cdn.shop-apotheke.com/images/nasic-o-k-nasenspray-nasenspray-D02882760-p1.jpg","pharmaForm":"Nasenspray","ribbonText":"","RPMultiplier":"1"}],"master":true,"marketplace":true,"nowProductGroup":"sameday_nextday","notOnStockMessage":"","stockStatusColor":"green","categoryCodes":["csd00001","csd00020","csd00028","csd00033","csd00061","csd01060","root","catalogs","main","themeshop","csd01135","landingpages","csd02377","csd01434","csd02271","csd02859","csd02862","csd03040","csd03339","csd03341","csd03476","csd03524"],"prices":{"listPrice":{"amount":7.06,"net":6.09,"currency":"EUR","info":{"index":1,"text":"AVP / UVP"}},"retailPrice":{"amount":4.76,"net":4.1,"currency":"EUR","info":{"index":1,"text":"AVP / UVP"}}},"calculatedRatingRanking":3.21,"objectID":"02882760","_highlightResult":{"activeSubstances":[{"value":"Dexpanthenol","matchLevel":"none","matchedWords":[]},{"value":"Xylometazolin hydrochlorid","matchLevel":"none","matchedWords":[]}]},"_rankingInfo":{"nbTypos":0,"firstMatchedWord":0,"proximityDistance":0,"userScore":171,"geoDistance":0,"geoPrecision":1,"nbExactWords":0,"words":1,"filters":1,"personalization":{"score":0,"rankingScore":0,"filtersScore":0,"textualRelevanceBucket":1,"initialPosition":129,"newPosition":129}}},{"brandCode":"csd2861","pzn":"12574692","productName":"Chlorhexamed® FORTE alkoholfrei 0,2%","secondaryCategories":["Ratgeber","Zahnfleischentzündung","Landingpages","Beigaben Aktionen","Black Friday®","40% und mehr","Landingpages","Topseller","Landingpages","SHOP APOTHEKE NOW!"],"manufacturer":"GlaxoSmithKline Consumer Healthcare","pharmaForm":"Lösung","brand":"Chlorhexamed","brandIntern":"Chlorhexamed®","subBrandIntern":"FORTE","activeSubstances":["Chlorhexidin digluconat"],"additiveSubstances":["Macrogol glycerolhydroxystearat","Pfefferminz-Aroma","Wasser, gereinigtes","Sorbitol 70","Glycerol"],"additiveSubstancesHtml":"<ul><li>Macrogol glycerolhydroxystearat</li><li>Pfefferminz-Aroma</li><li>Wasser, gereinigtes</li><li>Sorbitol 70</li><li>Glycerol</li></ul>","descriptionShort":"Zur kurzzeitigen Behandlung von Zahnfleischentzündung (Gingivitis) und Zahnfleischbluten","keywords":["chlorhexamed"],"unit":"ml","unitQuantityString":"300","masterID":"12574692","indicationRanges":["Mund-/ Rachentherapeutika und Zahnpflege","Mund-/ Rachentherapeutika","Spül- und Gurgelmittel"],"ratingCount":188,"averageRating":4.9,"attributes":["apothekenpflichtig","Arzneimittel"],"prescriptionMedicine":false,"price":969,"listPrice":1404,"netRetailPrice":835,"priceFormatted":"€ 9,69","listPriceFormatted":"€ 14,04","potency":"","ifap":"Das Arzneimittel ist ein Mundhöhlenantiseptikum. Es wird angewendet zur vorübergehenden unterstützenden Behandlung:bei Zahnfleischentzündungen (Gingivitis), nach parodontalchirurgischen Eingriffen.","image":"https://cdn.shop-apotheke.com/images/chlorhexamed-forte-alkoholfrei-0-2-loesung-D12574692-p1.jpg","hasImage":true,"deeplink":"arzneimittel/12574692/chlorhexamed-forte-alkoholfrei-0-2.htm","applicablePromotions":"","variantDetails":"12574692|12574692|31|300 ml|969|arzneimittel/12574692/chlorhexamed-forte-alkoholfrei-0-2.htm|product.stockStatus.available","stockStatus":"","stockStatusReason":"product.stockStatus.available","inStock":true,"pricePerUnit":"32,30 € / l","discountInPercent":31,"created":1500909935000,"lastChanged":1598579382000,"ratingsLink":"/produktbewertungen/12574692/chlorhexamed-forte-alkoholfrei-0-2.htm","ean":"","RPMultiplier":1,"ribbonText":"","primaryCategory":["Die Online-Apotheke für Deutschland","Die Online-Apotheke für Deutschland/Arzneimittel & weitere Produkte ","Die Online-Apotheke für Deutschland/Arzneimittel & weitere Produkte /Mund- & Zahnpflege","Die Online-Apotheke für Deutschland/Arzneimittel & weitere Produkte /Mund- & Zahnpflege/Mundwasser & - spülungen"],"topsellerCountBucket":11,"filterAttributes":[],"filterRating":0.1,"packSize":"300 ml","variants":[{"id":"12574692","text":"Zur kurzzeitigen Behandlung von Zahnfleischentzündung (Gingivitis) und Zahnfleischbluten","webDetailPath":"arzneimittel/12574692/chlorhexamed-forte-alkoholfrei-0-2.htm","stock":"product.stockStatus.available","active":true,"discount":"31","retailPrice":"969","listPrice":"1404","packSize":"300 ml","nowProductGroup":"none","attributes":["apothekenpflichtig","Arzneimittel"],"productName":"Chlorhexamed® FORTE alkoholfrei 0,2%","pricePerUnit":"32,30 € / l","imageUrl":"https://cdn.shop-apotheke.com/images/chlorhexamed-forte-alkoholfrei-0-2-loesung-D12574692-p1.jpg","pharmaForm":"Lösung","ribbonText":"","RPMultiplier":"1"},{"id":"09642869","text":"Zur kurzzeitigen Behandlung von Zahnfleischentzündung (Gingivitis) und Zahnfleischbluten","webDetailPath":"arzneimittel/9642869/chlorhexamed-forte-alkoholfrei-0-2.htm","stock":"product.stockStatus.available","active":false,"discount":"29","retailPrice":"1556","listPrice":"2199","packSize":"600 ml","nowProductGroup":"nextday","attributes":["apothekenpflichtig","Arzneimittel"],"productName":"Chlorhexamed® FORTE alkoholfrei 0,2%","pricePerUnit":"25,93 € / l","imageUrl":"https://cdn.shop-apotheke.com/images/chlorhexamed-forte-alkoholfrei-0-2-loesung-D09642869-p1.jpg","pharmaForm":"Lösung","ribbonText":"","RPMultiplier":"1"}],"master":true,"marketplace":true,"nowProductGroup":"none","notOnStockMessage":"","stockStatusColor":"green","categoryCodes":["csd00001","csd00244","csd00253","csd01434","csd02271","csd02272","root","catalogs","main","themeshop","csd02982","landingpages","csd03146","csd03339","csd03648"],"prices":{"listPrice":{"amount":14.04,"net":12.1,"currency":"EUR","info":{"index":1,"text":"AVP / UVP"}},"retailPrice":{"amount":9.69,"net":8.35,"currency":"EUR","info":{"index":1,"text":"AVP / UVP"}}},"calculatedRatingRanking":4.4,"objectID":"12574692","_highlightResult":{"activeSubstances":[{"value":"Chlorhexidin digluconat","matchLevel":"none","matchedWords":[]}]},"_rankingInfo":{"nbTypos":0,"firstMatchedWord":0,"proximityDistance":0,"userScore":170,"geoDistance":0,"geoPrecision":1,"nbExactWords":0,"words":1,"filters":1,"personalization":{"score":0,"rankingScore":0,"filtersScore":0,"textualRelevanceBucket":1,"initialPosition":130,"newPosition":130}}},{"brandCode":"csd01975","pzn":"02580697","productName":"DHU Biochemie 7 Magnesium phosphoricum D6","secondaryCategories":["Landingpages","DHU Schüssler Salze Markenshop","Tabletten","DHU Schüßler Salze 1-12","Black Friday®","30% und mehr","DHU Schüßler-Salze","Nr. 7 – Das Salz der Nerven und Muskeln","DHU Schüßler-Salze","Energie-Kur im Herbst","Landingpages","Unsere Topseller","Landingpages","Topseller","Landingpages","Topseller","Black Friday®","Erkältungs-Produkte","UNSERE ADVENTS-ÜBERASCHUNG EXKLUSIV FÜR UNSERE BESTEN KUNDEN.","Advent 2","DHU Schüßler-Salze","Top-Kur im Winter ","Landingpages","SHOP APOTHEKE NOW!"],"manufacturer":"DHU-Arzneimittel GmbH & Co. KG","pharmaForm":"Tabletten","brand":"DHU","brandIntern":"DHU Biochemie","subBrandIntern":"7 Magnesium phosphoricum","activeSubstances":["Magnesium phosphoricum in homöopathischer Verdünnung"],"additiveSubstances":["Magnesium stearat","Weizenstärke","Lactose-1-Wasser"],"additiveSubstancesHtml":"<ul><li>Magnesium stearat</li><li>Weizenstärke</li><li>Lactose-1-Wasser</li></ul>","descriptionShort":"Das Salz der Muskeln und Nerven","keywords":["schüssler 7","schüssler salze 7","dhu schüssler","dhu Schüssler salze","Schüßler Salz","Schüssler salz 7","schüssler salze","Schüssler Nr 7","dhu schüßler","schüssler nr. 7","schü","Schüssler Salze DHU","schüssler dhu","schüsler","schüs","Schüßler-salze","schüssler salze Nr 7","Schüessler","Schüssler Salz Nr. 7","schüssler salze nr. 7","Schüßler 7","schüssler-salze","schüssler salz Nr 7","schüsslersalze 7","DHU Schüsslersalze","dhu Schüßler Salze","biochemie","DHU Biochemie","Biochemie 7","muskel","muskelkrampf","muskelkrämpfe","muskelkater","krampf","wadenkrampf","Nerven","Magnesium","magn","magne","magnes","magnesium tabletten","magnesium phosphoricum","Magnesium phosphoricum D6","d6","einschlafen","schlaf","schlafen","heiße sieben","heiße7","heiße 7"],"unit":"St","unitQuantityString":"200","masterID":"02580697","indicationRanges":["Homöopathika/ Anthroposophika ohne Indikationsangabe","Homöopathika"],"ratingCount":82,"averageRating":4.9,"attributes":["apothekenpflichtig","homöopathisch","Arzneimittel"],"prescriptionMedicine":false,"price":633,"listPrice":965,"netRetailPrice":546,"priceFormatted":"€ 6,33","listPriceFormatted":"€ 9,65","potency":"D6","ifap":"Registriertes homöopathisches Arzneimittel, daher ohne Angabe einer therapeutischen Indikation. Bei anhaltenden, unklaren oder neu auftretenden Beschwerden sollten Sie medizinischen Rat einholen. ","image":"https://cdn.shop-apotheke.com/images/dhu-biochemie-7-magnesium-phosphoricum-d6-tabletten-D02580697-p1.jpg","hasImage":true,"deeplink":"homoeopathie/2580697/dhu-biochemie-7-magnesium-phosphoricum-d6.htm","applicablePromotions":"","variantDetails":"02580697|02580697|34|200 St|633|homoeopathie/2580697/dhu-biochemie-7-magnesium-phosphoricum-d6.htm|product.stockStatus.available","stockStatus":"","stockStatusReason":"product.stockStatus.available","inStock":true,"pricePerUnit":"","discountInPercent":34,"created":1445169941000,"lastChanged":1598569157000,"ratingsLink":"/produktbewertungen/2580697/dhu-biochemie-7-magnesium-phosphoricum-d6.htm","ean":"","RPMultiplier":1,"ribbonText":"","primaryCategory":["Die Online-Apotheke für Deutschland","Die Online-Apotheke für Deutschland/Homöopathie & Naturprodukte","Die Online-Apotheke für Deutschland/Homöopathie & Naturprodukte/Schüßler-Salze","Die Online-Apotheke für Deutschland/Homöopathie & Naturprodukte/Schüßler-Salze/7 Magnesium phosphoricum"],"topsellerCountBucket":11,"filterAttributes":["homöopathisch"],"filterRating":0.1,"packSize":"200 St","variants":[{"id":"02580697","text":"Das Salz der Muskeln und Nerven","webDetailPath":"homoeopathie/2580697/dhu-biochemie-7-magnesium-phosphoricum-d6.htm","stock":"product.stockStatus.available","active":true,"discount":"34","retailPrice":"633","listPrice":"965","packSize":"200 St","nowProductGroup":"sameday_nextday","attributes":["apothekenpflichtig","homöopathisch","Arzneimittel"],"productName":"DHU Biochemie 7 Magnesium phosphoricum D6","pricePerUnit":"","imageUrl":"https://cdn.shop-apotheke.com/images/dhu-biochemie-7-magnesium-phosphoricum-d6-tabletten-D02580697-p1.jpg","pharmaForm":"Tabletten","ribbonText":"","RPMultiplier":"1"}],"master":true,"marketplace":true,"nowProductGroup":"sameday_nextday","notOnStockMessage":"","stockStatusColor":"green","categoryCodes":["csd00850","csd00941","csd00966","root","catalogs","main","landingpages","csd01575","csd00001","csd01434","csd02271","csd02859","csd02862","csd03273","brandshop","csd2009","csd03328","csd03339","csd03401","csd03402","csd03646","csd03643","csd03647","csd03648","csd2012","csd2014"],"prices":{"listPrice":{"amount":9.65,"net":8.32,"currency":"EUR","info":{"index":1,"text":"AVP / UVP"}},"retailPrice":{"amount":6.33,"net":5.46,"currency":"EUR","info":{"index":1,"text":"AVP / UVP"}}},"calculatedRatingRanking":3.99,"objectID":"02580697","_highlightResult":{"activeSubstances":[{"value":"Magnesium phosphoricum in homöopathischer Verdünnung","matchLevel":"none","matchedWords":[]}]},"_rankingInfo":{"nbTypos":0,"firstMatchedWord":0,"proximityDistance":0,"userScore":169,"geoDistance":0,"geoPrecision":1,"nbExactWords":0,"words":1,"filters":1,"personalization":{"score":0,"rankingScore":0,"filtersScore":0,"textualRelevanceBucket":1,"initialPosition":131,"newPosition":131}}},{"brandCode":"csd2300","pzn":"01987824","productName":"Bepanthen® Antiseptische Wundcreme","secondaryCategories":["Bepanthen<sup>®</sup>","Wundheilung","Black Friday®","30% und mehr","Landingpages","Unsere Topseller","Landingpages","Topseller","Landingpages","Topseller","Landingpages","Weltgesundheitstag: Hausapotheke","Landingpages","SHOP APOTHEKE NOW!","Healthy Deals","Healthy Deals Reiseapotheke","Landingpages","Healthy Deals App-Angebote","Landingpages","Top 100","Landingpages","Aktion RED-Points"],"manufacturer":"Bayer Vital GmbH","pharmaForm":"Creme","brand":"Bepanthen","brandIntern":"Bepanthen®","subBrandIntern":"","activeSubstances":["Dexpanthenol","Chlorhexidin digluconat"],"additiveSubstances":["Cetomacrogol 1000","Glycerolmonostearat 40-50%","Hartparaffin","Paraffin, dickflüssiges","Polyoxyethylen (1500) monostearat","Cetylstearylalkohol","Wasser, gereinigtes","Hyetellose","Dimeticon 1000","Glycerol 85%"],"additiveSubstancesHtml":"<ul><li>Cetomacrogol 1000</li><li>Glycerolmonostearat 40-50%</li><li>Hartparaffin</li><li>Paraffin, dickflüssiges</li><li>Polyoxyethylen (1500) monostearat</li><li>Cetylstearylalkohol</li><li>Wasser, gereinigtes</li><li>Hyetellose</li><li>Dimeticon 1000</li><li>Glycerol 85%</li></ul>","descriptionShort":" Zur hautverträglichen Erstversorgung von Wunden und zum Schutz vor Wundinfektion","keywords":[],"unit":"g","unitQuantityString":"20","masterID":"01987824","indicationRanges":["Dermatotherapeutika","Therapie von infizierten und nicht infizierten Hautläsionen","Sonstige antibakteriell bzw. antiseptisch wirkende Präparate"],"ratingCount":104,"averageRating":4.9,"attributes":["apothekenpflichtig","Arzneimittel"],"prescriptionMedicine":false,"price":433,"listPrice":603,"netRetailPrice":373,"priceFormatted":"€ 4,33","listPriceFormatted":"€ 6,03","potency":"","ifap":"Das Präparat wird angewendetZur antiseptischen Behandlung von oberflächlichen Wunden; Schürf-, Riss-, Platz- und Kratzwunden.","image":"https://cdn.shop-apotheke.com/images/bepanthen-antiseptische-wundcreme-creme-D01987824-p1.jpg","hasImage":true,"deeplink":"arzneimittel/1987824/bepanthen-antiseptische-wundcreme.htm","applicablePromotions":"","variantDetails":"01987824|01987824|28|20 g|433|arzneimittel/1987824/bepanthen-antiseptische-wundcreme.htm|product.stockStatus.available","stockStatus":"","stockStatusReason":"product.stockStatus.available","inStock":true,"pricePerUnit":"21,65 € / 100 g","discountInPercent":28,"created":1445168726000,"lastChanged":1598602390000,"ratingsLink":"/produktbewertungen/1987824/bepanthen-antiseptische-wundcreme.htm","ean":"","RPMultiplier":1,"ribbonText":"","primaryCategory":["Die Online-Apotheke für Deutschland","Die Online-Apotheke für Deutschland/Arzneimittel & weitere Produkte ","Die Online-Apotheke für Deutschland/Arzneimittel & weitere Produkte /Haus- & Reiseapotheke","Die Online-Apotheke für Deutschland/Arzneimittel & weitere Produkte /Haus- & Reiseapotheke/Hausapotheke","Die Online-Apotheke für Deutschland/Arzneimittel & weitere Produkte /Haus- & Reiseapotheke/Hausapotheke/Wundheilung"],"topsellerCountBucket":11,"filterAttributes":[],"filterRating":0.1,"packSize":"20 g","variants":[{"id":"01987824","text":" Zur hautverträglichen Erstversorgung von Wunden und zum Schutz vor Wundinfektion","webDetailPath":"arzneimittel/1987824/bepanthen-antiseptische-wundcreme.htm","stock":"product.stockStatus.available","active":true,"discount":"28","retailPrice":"433","listPrice":"603","packSize":"20 g","nowProductGroup":"nextday","attributes":["apothekenpflichtig","Arzneimittel"],"productName":"Bepanthen® Antiseptische Wundcreme","pricePerUnit":"21,65 € / 100 g","imageUrl":"https://cdn.shop-apotheke.com/images/bepanthen-antiseptische-wundcreme-creme-D01987824-p1.jpg","pharmaForm":"Creme","ribbonText":"","RPMultiplier":"1"}],"master":true,"marketplace":true,"nowProductGroup":"nextday","notOnStockMessage":"","stockStatusColor":"green","categoryCodes":["csd00001","csd00077","csd02753","csd00141","csd01434","csd02271","csd02859","root","catalogs","main","landingpages","csd03040","csd03159","csd03273","csd03339","csd03461","csd02968","csd03569","csd03647","csd03648","csd03939","brandshop","csd1657","csd1664"],"prices":{"listPrice":{"amount":6.03,"net":5.2,"currency":"EUR","info":{"index":1,"text":"AVP / UVP"}},"retailPrice":{"amount":4.33,"net":3.73,"currency":"EUR","info":{"index":1,"text":"AVP / UVP"}}},"calculatedRatingRanking":4.12,"objectID":"01987824","_highlightResult":{"activeSubstances":[{"value":"Dexpanthenol","matchLevel":"none","matchedWords":[]},{"value":"Chlorhexidin digluconat","matchLevel":"none","matchedWords":[]}]},"_rankingInfo":{"nbTypos":0,"firstMatchedWord":0,"proximityDistance":0,"userScore":168,"geoDistance":0,"geoPrecision":1,"nbExactWords":0,"words":1,"filters":1,"personalization":{"score":0,"rankingScore":0,"filtersScore":0,"textualRelevanceBucket":1,"initialPosition":132,"newPosition":132}}},{"brandCode":"csd01765","pzn":"09542263","productName":"Naratriptan Heumann bei Migräne 2,5 mg","secondaryCategories":[],"manufacturer":"HEUMANN PHARMA GmbH & Co. Generica KG","pharmaForm":"Filmtabletten","brand":"Naratriptan","brandIntern":"HEUMANN","subBrandIntern":"Naratriptan Heumann","activeSubstances":["Naratriptan hydrochlorid"],"additiveSubstances":["Croscarmellose natrium","Eisen(III)-oxidhydrat, schwarz","Cellulose, mikrokristalline","Magnesium stearat (pflanzlich)","Lactose","Macrogol 3350","Poly(vinylalkohol)","Titandioxid","Indigodisulfonsäure, Aluminiumsalz","Talkum"],"additiveSubstancesHtml":"<ul><li>Croscarmellose natrium</li><li>Eisen(III)-oxidhydrat, schwarz</li><li>Cellulose, mikrokristalline</li><li>Magnesium stearat (pflanzlich)</li><li>Lactose</li><li>Macrogol 3350</li><li>Poly(vinylalkohol)</li><li>Titandioxid</li><li>Indigodisulfonsäure, Aluminiumsalz</li><li>Talkum</li></ul>","descriptionShort":"Zur akuten Behandlung von Kopfschmerzphasen und Migräneanfällen mit und ohne Aura","keywords":["Triptan"],"unit":"St","unitQuantityString":"2","masterID":"09542263","indicationRanges":["Migräne-Therapie","Mittel bei akuten Migräneattacken","Serotoninagonisten (Triptane)"],"ratingCount":9,"averageRating":4.89,"attributes":["apothekenpflichtig","Arzneimittel"],"prescriptionMedicine":false,"price":385,"listPrice":828,"netRetailPrice":332,"priceFormatted":"€ 3,85","listPriceFormatted":"€ 8,28","potency":"","ifap":"","image":"https://cdn.shop-apotheke.com/images/naratriptan-heumann-bei-migraene-2-5-mg-filmtabletten-D09542263-p1.jpg","hasImage":true,"deeplink":"arzneimittel/9542263/naratriptan-heumann-bei-migraene-2-5-mg.htm","applicablePromotions":"","variantDetails":"09542263|09542263|54|2 St|385|arzneimittel/9542263/naratriptan-heumann-bei-migraene-2-5-mg.htm|product.stockStatus.available","stockStatus":"","stockStatusReason":"product.stockStatus.available","inStock":true,"pricePerUnit":"","discountInPercent":54,"created":1445172322000,"lastChanged":1598571474000,"ratingsLink":"/produktbewertungen/9542263/naratriptan-heumann-bei-migraene-2-5-mg.htm","ean":"","RPMultiplier":1,"ribbonText":"","primaryCategory":["Die Online-Apotheke für Deutschland","Die Online-Apotheke für Deutschland/Arzneimittel & weitere Produkte ","Die Online-Apotheke für Deutschland/Arzneimittel & weitere Produkte /Schmerzen","Die Online-Apotheke für Deutschland/Arzneimittel & weitere Produkte /Schmerzen/Migräne"],"topsellerCountBucket":11,"filterAttributes":[],"filterRating":0.11,"packSize":"2 St","variants":[{"id":"09542263","text":"Zur akuten Behandlung von Kopfschmerzphasen und Migräneanfällen mit und ohne Aura","webDetailPath":"arzneimittel/9542263/naratriptan-heumann-bei-migraene-2-5-mg.htm","stock":"product.stockStatus.available","active":true,"discount":"54","retailPrice":"385","listPrice":"828","packSize":"2 St","nowProductGroup":"sameday_nextday","attributes":["apothekenpflichtig","Arzneimittel"],"productName":"Naratriptan Heumann bei Migräne 2,5 mg","pricePerUnit":"","imageUrl":"https://cdn.shop-apotheke.com/images/naratriptan-heumann-bei-migraene-2-5-mg-filmtabletten-D09542263-p1.jpg","pharmaForm":"Filmtabletten","ribbonText":"","RPMultiplier":"1"}],"master":true,"marketplace":false,"nowProductGroup":"sameday_nextday","notOnStockMessage":"","stockStatusColor":"green","categoryCodes":["csd00001","csd00269","csd00278"],"prices":{"listPrice":{"amount":8.28,"net":7.14,"currency":"EUR","info":{"index":1,"text":"AVP / UVP"}},"retailPrice":{"amount":3.85,"net":3.32,"currency":"EUR","info":{"index":1,"text":"AVP / UVP"}}},"calculatedRatingRanking":2.86,"objectID":"09542263","_highlightResult":{"activeSubstances":[{"value":"Naratriptan hydrochlorid","matchLevel":"none","matchedWords":[]}]},"_rankingInfo":{"nbTypos":0,"firstMatchedWord":0,"proximityDistance":0,"userScore":167,"geoDistance":0,"geoPrecision":1,"nbExactWords":0,"words":1,"filters":1,"personalization":{"score":0,"rankingScore":0,"filtersScore":0,"textualRelevanceBucket":1,"initialPosition":133,"newPosition":133}}},{"brandCode":"csd2703","pzn":"08592945","productName":"RIOPAN® MAGEN GEL","secondaryCategories":["Ratgeber","Sodbrennen","Black Friday®","30% und mehr","Landingpages","NOW! Reiseapotheke","UNSERE ADVENTS-ÜBERASCHUNG EXKLUSIV FÜR UNSERE BESTEN KUNDEN.","Advent 3","Healthy Deals","Healthy Deals Gutes Bauchgefühl","Landingpages","Healthy Deals App-Angebote"],"manufacturer":"DR. KADE Pharmazeutische Fabrik GmbH","pharmaForm":"Gel","brand":"Riopan","brandIntern":"RIOPAN®","subBrandIntern":"","activeSubstances":["Magaldrat"],"additiveSubstances":["Simeticon-Emulsion","Hypromellose","Karamell-Aroma","Sahne-Aroma","Maltol","Wasser, gereinigtes","Natriumhypochlorit","Chlorhexidin digluconat","Arabisches Gummi","Natrium cyclamat","Silbersulfat"],"additiveSubstancesHtml":"<ul><li>Simeticon-Emulsion</li><li>Hypromellose</li><li>Karamell-Aroma</li><li>Sahne-Aroma</li><li>Maltol</li><li>Wasser, gereinigtes</li><li>Natriumhypochlorit</li><li>Chlorhexidin digluconat</li><li>Arabisches Gummi</li><li>Natrium cyclamat</li><li>Silbersulfat</li></ul>","descriptionShort":"Zur Anwendung bei Sodbrennen und säurebedingte Magenbeschwerden","keywords":["magen"],"unit":"ml","unitQuantityString":"50X10","masterID":"08592922","indicationRanges":["Magen-Darm-wirksame Pharmaka","Antazida","Anorganische Basen"],"ratingCount":132,"averageRating":4.89,"attributes":["apothekenpflichtig","Arzneimittel"],"prescriptionMedicine":false,"price":2147,"listPrice":2923,"netRetailPrice":1851,"priceFormatted":"€ 21,47","listPriceFormatted":"€ 29,23","potency":"","ifap":"Das Arzneimittel enthält Magaldrat und gehört zur Arzneimittel-Gruppe der Antacida, welche zur Neutralisierung überschüssiger Magensäure eingesetzt werden. Es wird angewendet:bei Sodbrennen und säurebedingten Magenbeschwerden zur symptomatischen Behandlung von Magen- oder Zwölffingerdarmgeschwüren","image":"https://cdn.shop-apotheke.com/images/riopan-magen-gel-gel-D08592945-p1.jpg","hasImage":true,"deeplink":"arzneimittel/8592945/riopan-magen-gel.htm","applicablePromotions":"","variantDetails":"08592922|08592945|27|50X10 ml|2147|arzneimittel/8592945/riopan-magen-gel.htm|product.stockStatus.available","stockStatus":"","stockStatusReason":"product.stockStatus.available","inStock":true,"pricePerUnit":"42,94 € / l","discountInPercent":27,"created":1445166025000,"lastChanged":1598571115000,"ratingsLink":"/produktbewertungen/8592945/riopan-magen-gel.htm","ean":"","RPMultiplier":1,"ribbonText":"","primaryCategory":["Die Online-Apotheke für Deutschland","Die Online-Apotheke für Deutschland/Arzneimittel & weitere Produkte ","Die Online-Apotheke für Deutschland/Arzneimittel & weitere Produkte /Magen & Darm","Die Online-Apotheke für Deutschland/Arzneimittel & weitere Produkte /Magen & Darm/Sodbrennen"],"topsellerCountBucket":11,"filterAttributes":[],"filterRating":0.11,"packSize":"50X10 ml","variants":[{"id":"08592922","text":"Zur Anwendung bei Sodbrennen und säurebedingte Magenbeschwerden","webDetailPath":"arzneimittel/8592922/riopan-magen-gel.htm","stock":"product.stockStatus.available","active":true,"discount":"19","retailPrice":"632","listPrice":"777","packSize":"10X10 ml","nowProductGroup":"sameday_nextday","attributes":["apothekenpflichtig","Arzneimittel"],"productName":"RIOPAN® MAGEN GEL","pricePerUnit":"6,32 € / 100 ml","imageUrl":"https://cdn.shop-apotheke.com/images/riopan-magen-gel-gel-D08592922-p1.jpg","pharmaForm":"Gel","ribbonText":"","RPMultiplier":"1"},{"id":"08592939","text":"Zur Anwendung bei Sodbrennen und säurebedingte Magenbeschwerden","webDetailPath":"arzneimittel/8592939/riopan-magen-gel.htm","stock":"product.stockStatus.available","active":false,"discount":"29","retailPrice":"969","listPrice":"1364","packSize":"20X10 ml","nowProductGroup":"nextday","attributes":["apothekenpflichtig","Arzneimittel"],"productName":"RIOPAN® MAGEN GEL","pricePerUnit":"4,85 € / 100 ml","imageUrl":"https://cdn.shop-apotheke.com/images/riopan-magen-gel-gel-D08592939-p1.jpg","pharmaForm":"Gel","ribbonText":"","RPMultiplier":"1"},{"id":"08592945","text":"Zur Anwendung bei Sodbrennen und säurebedingte Magenbeschwerden","webDetailPath":"arzneimittel/8592945/riopan-magen-gel.htm","stock":"product.stockStatus.available","active":false,"discount":"27","retailPrice":"2147","listPrice":"2923","packSize":"50X10 ml","nowProductGroup":"sameday_nextday","attributes":["apothekenpflichtig","Arzneimittel"],"productName":"RIOPAN® MAGEN GEL","pricePerUnit":"42,94 € / l","imageUrl":"https://cdn.shop-apotheke.com/images/riopan-magen-gel-gel-D08592945-p1.jpg","pharmaForm":"Gel","ribbonText":"","RPMultiplier":"1"}],"master":false,"marketplace":false,"nowProductGroup":"sameday_nextday","notOnStockMessage":"","stockStatusColor":"green","categoryCodes":["csd00001","csd00219","csd00229","root","catalogs","main","themeshop","csd01160","csd01434","csd02271","csd02859","landingpages","csd03461","csd03476","csd02968","csd03568","csd03646","csd03644"],"prices":{"listPrice":{"amount":29.23,"net":25.2,"currency":"EUR","info":{"index":1,"text":"AVP / UVP"}},"retailPrice":{"amount":21.47,"net":18.51,"currency":"EUR","info":{"index":1,"text":"AVP / UVP"}}},"calculatedRatingRanking":4.23,"objectID":"08592945","_highlightResult":{"activeSubstances":[{"value":"Magaldrat","matchLevel":"none","matchedWords":[]}]},"_rankingInfo":{"nbTypos":0,"firstMatchedWord":0,"proximityDistance":0,"userScore":166,"geoDistance":0,"geoPrecision":1,"nbExactWords":0,"words":1,"filters":1,"personalization":{"score":0,"rankingScore":0,"filtersScore":0,"textualRelevanceBucket":1,"initialPosition":134,"newPosition":134}}},{"brandCode":"","pzn":"07625045","productName":"Doppelherz® aktiv Magnesium 400 + B1 + B6 + B12 + Folsäure Tabletten","secondaryCategories":["Doppelherz<sup>®</sup>","Muskeln, Knochen & Bewegungsapparat","Doppelherz<sup>®</sup>","Mineralstoffe & Vitamine","Specials","Neujahrs-Special","Landingpages","Flash Deal Mineralstoffe","Sportlernährstoffe","Magnesium","Landingpages","Vorsatz: Vitamine & Mineralstoffe","Landingpages","Angebote aus der App-otheke ","Landingpages","SHOP APOTHEKE NOW!","Healthy Deals","Healthy Deals Ernährung, Sport & Abnehmen","Landingpages","RedPoints Aktion","Landingpages","Healthy Deals App-Angebote","Healthy Deals","Healthy Deals RedPoints","Healthy Deals","RedPoints-Aktion"],"manufacturer":"Queisser Pharma GmbH & Co. KG","pharmaForm":"Tabletten","brand":"","brandIntern":"Doppelherz®","subBrandIntern":"aktiv","activeSubstances":["Folsäure","Cyanocobalamin","Magnesiumoxid","Pyridoxin hydrochlorid","Thiamin nitrat"],"additiveSubstances":["Oliven-Öl, nativ","Hypromellose","Glycerol(mono/di)speisefettsäureester","Siliciumdioxid","Cellulose","Pflanzenfett, gehärtet","Speisefettsäuren, Calciumsalze","Carmellose natrium","Polysorbat 80","Schellack","Titandioxid","Talkum"],"additiveSubstancesHtml":"<ul><li>Oliven-Öl, nativ</li><li>Hypromellose</li><li>Glycerol(mono/di)speisefettsäureester</li><li>Siliciumdioxid</li><li>Cellulose</li><li>Pflanzenfett, gehärtet</li><li>Speisefettsäuren, Calciumsalze</li><li>Carmellose natrium</li><li>Polysorbat 80</li><li>Schellack</li><li>Titandioxid</li><li>Talkum</li></ul>","descriptionShort":"Mit Magnesium, Folsäure, Vitamin B1 + B6 + B12","keywords":[],"unit":"St","unitQuantityString":"60","masterID":"04494507","indicationRanges":["Mineralstoffe (Therapie und Substitution)","Magnesium-Präparate","Sonstige Kombinationen"],"ratingCount":63,"averageRating":4.89,"attributes":["Lebensmittel","Nahrungsergänzungsmittel"],"prescriptionMedicine":false,"price":580,"listPrice":682,"netRetailPrice":552,"priceFormatted":"€ 5,80","listPriceFormatted":"€ 6,82","potency":"","ifap":"","image":"https://cdn.shop-apotheke.com/images/doppelherz-aktiv-magnesium-400-b1-b6-b12-folsaeure-tabletten-tabletten-D07625045-p1.jpg","hasImage":true,"deeplink":"arzneimittel/7625045/doppelherz-aktiv-magnesium-400-b1-b6-b12-folsaeure-tabletten.htm","applicablePromotions":"","variantDetails":"04494507|07625045|15|60 St|580|arzneimittel/7625045/doppelherz-aktiv-magnesium-400-b1-b6-b12-folsaeure-tabletten.htm|product.stockStatus.available","stockStatus":"","stockStatusReason":"product.stockStatus.available","inStock":true,"pricePerUnit":"","discountInPercent":15,"created":1445170222000,"lastChanged":1598570769000,"ratingsLink":"/produktbewertungen/7625045/doppelherz-aktiv-magnesium-400-b1-b6-b12-folsaeure-tabletten.htm","ean":"4009932009392","RPMultiplier":1,"ribbonText":"","primaryCategory":["Die Online-Apotheke für Deutschland","Die Online-Apotheke für Deutschland/Arzneimittel & weitere Produkte ","Die Online-Apotheke für Deutschland/Arzneimittel & weitere Produkte /Vitamine & Mineralstoffe","Die Online-Apotheke für Deutschland/Arzneimittel & weitere Produkte /Vitamine & Mineralstoffe/Mineralstoffe & Spurenelemente","Die Online-Apotheke für Deutschland/Arzneimittel & weitere Produkte /Vitamine & Mineralstoffe/Mineralstoffe & Spurenelemente/Magnesium"],"topsellerCountBucket":11,"filterAttributes":["Lebensmittel","Nahrungsergänzungsmittel"],"filterRating":0.11,"packSize":"60 St","variants":[{"id":"04494507","text":"Mit Magnesium, Folsäure, Vitamin B1 + B6 + B12","webDetailPath":"arzneimittel/4494507/doppelherz-aktiv-magnesium-400-b1-b6-b12-folsaeure-tabletten.htm","stock":"product.stockStatus.available","active":true,"discount":"6","retailPrice":"363","listPrice":"388","packSize":"30 St","nowProductGroup":"sameday_nextday","attributes":["Lebensmittel","Nahrungsergänzungsmittel"],"productName":"Doppelherz® aktiv Magnesium 400 + B1 + B6 + B12 + Folsäure Tabletten","pricePerUnit":"","imageUrl":"https://cdn.shop-apotheke.com/images/doppelherz-aktiv-magnesium-400-b1-b6-b12-folsaeure-tabletten-tabletten-D04494507-p1.jpg","pharmaForm":"Tabletten","ribbonText":"","RPMultiplier":"1"},{"id":"07625045","text":"Mit Magnesium, Folsäure, Vitamin B1 + B6 + B12","webDetailPath":"arzneimittel/7625045/doppelherz-aktiv-magnesium-400-b1-b6-b12-folsaeure-tabletten.htm","stock":"product.stockStatus.available","active":false,"discount":"15","retailPrice":"580","listPrice":"682","packSize":"60 St","nowProductGroup":"sameday_nextday","attributes":["Lebensmittel","Nahrungsergänzungsmittel"],"productName":"Doppelherz® aktiv Magnesium 400 + B1 + B6 + B12 + Folsäure Tabletten","pricePerUnit":"","imageUrl":"https://cdn.shop-apotheke.com/images/doppelherz-aktiv-magnesium-400-b1-b6-b12-folsaeure-tabletten-tabletten-D07625045-p1.jpg","pharmaForm":"Tabletten","ribbonText":"","RPMultiplier":"1"}],"master":false,"marketplace":false,"nowProductGroup":"sameday_nextday","notOnStockMessage":"","stockStatusColor":"green","categoryCodes":["csd00001","csd00324","csd00328","csd00336","csd01434","csd01461","root","catalogs","main","landingpages","csd02966","csd02968","csd03288","csd03339","csd03461","csd03526","csd03571","csd03572","csd03575","csd00283","csd03623","csd03631","csd03684","csd03690","brandshop","csd2019","csd2031","csd2032"],"prices":{"listPrice":{"amount":6.82,"net":6.5,"currency":"EUR","info":{"index":1,"text":"AVP / UVP"}},"retailPrice":{"amount":5.8,"net":5.52,"currency":"EUR","info":{"index":1,"text":"AVP / UVP"}}},"calculatedRatingRanking":3.83,"objectID":"07625045","_highlightResult":{"activeSubstances":[{"value":"Folsäure","matchLevel":"none","matchedWords":[]},{"value":"Cyanocobalamin","matchLevel":"none","matchedWords":[]},{"value":"Magnesiumoxid","matchLevel":"none","matchedWords":[]},{"value":"Pyridoxin hydrochlorid","matchLevel":"none","matchedWords":[]},{"value":"Thiamin nitrat","matchLevel":"none","matchedWords":[]}]},"_rankingInfo":{"nbTypos":0,"firstMatchedWord":0,"proximityDistance":0,"userScore":165,"geoDistance":0,"geoPrecision":1,"nbExactWords":0,"words":1,"filters":1,"personalization":{"score":0,"rankingScore":0,"filtersScore":0,"textualRelevanceBucket":1,"initialPosition":135,"newPosition":135}}},{"brandCode":"csd01748","pzn":"03737646","productName":"Multilind® Heilsalbe mit Nystatin im Spender","secondaryCategories":["Landingpages","NOW! Reiseapotheke","UNSERE ADVENTS-ÜBERASCHUNG EXKLUSIV FÜR UNSERE BESTEN KUNDEN.","Advent 3","Landingpages","Abo Produkte","Landingpages","Weltgesundheitstag: Hausapotheke","Landingpages","SHOP APOTHEKE NOW!"],"manufacturer":"STADA Consumer Health Deutschland GmbH","pharmaForm":"Paste","brand":"Multilind","brandIntern":"STADA","subBrandIntern":"Multilind®","activeSubstances":["Nystatin","Zinkoxid"],"additiveSubstances":["Polyethylen","Paraffin, dickflüssiges","Parfümöl Citrus-Rose"],"additiveSubstancesHtml":"<ul><li>Polyethylen</li><li>Paraffin, dickflüssiges</li><li>Parfümöl Citrus-Rose</li></ul>","descriptionShort":"Bei Entzündungen der Haut","keywords":[],"unit":"g","unitQuantityString":"100","masterID":"03737422","indicationRanges":["Antimykotika","Externa","Kombinationen, corticoidfrei"],"ratingCount":151,"averageRating":4.89,"attributes":["apothekenpflichtig","Arzneimittel","ABO"],"prescriptionMedicine":false,"price":1774,"listPrice":2707,"netRetailPrice":1529,"priceFormatted":"€ 17,74","listPriceFormatted":"€ 27,07","potency":"","ifap":"Das Arzneimittel ist ein Mittel gegen Pilzinfektionen (Antimykotikum) kombiniert mit Zinkoxid. Hautschäden, die zunächst durch mechanische Reizung hervorgerufen wurden, können später durch Bakterien und Pilze infiziert werden. Der Wirkstoff Nystatin dient zur Vorbeugung und Behandlung von Infektionen der Haut mit Hefepilzen (z. B. Candida albicans). Der Wirkstoff Zinkoxid eignet sich zur Behandlung entzündlicher und nässender Hautveränderungen mit oder ohne bakterielle Infektion. Das Arzneimittel wird angewendet beiEntzündungen der Haut und Schleimhaut durch mechanische Reizung bedingtes Wundsein („Wolf&quot;) roten, juckenden und brennenden Herden in den Körperfalten, im Gesäß- und Brustbereich und zwischen den Oberschenkeln, z. B. Windeldermatitis.","image":"https://cdn.shop-apotheke.com/images/multilind-heilsalbe-mit-nystatin-im-spender-paste-D03737646-p10.jpg","hasImage":true,"deeplink":"arzneimittel/3737646/multilind-heilsalbe-mit-nystatin-im-spender.htm","applicablePromotions":"","variantDetails":"03737422|03737646|34|100 g|1774|arzneimittel/3737646/multilind-heilsalbe-mit-nystatin-im-spender.htm|product.stockStatus.available","stockStatus":"","stockStatusReason":"product.stockStatus.available","inStock":true,"pricePerUnit":"17,74 € / 100 g","discountInPercent":34,"created":1445172925000,"lastChanged":1598578586000,"ratingsLink":"/produktbewertungen/3737646/multilind-heilsalbe-mit-nystatin-im-spender.htm","ean":"","RPMultiplier":1,"ribbonText":"","primaryCategory":["Die Online-Apotheke für Deutschland","Die Online-Apotheke für Deutschland/Arzneimittel & weitere Produkte ","Die Online-Apotheke für Deutschland/Arzneimittel & weitere Produkte /Haus- & Reiseapotheke","Die Online-Apotheke für Deutschland/Arzneimittel & weitere Produkte /Haus- & Reiseapotheke/Hausapotheke","Die Online-Apotheke für Deutschland/Arzneimittel & weitere Produkte /Haus- & Reiseapotheke/Hausapotheke/Wundheilung"],"topsellerCountBucket":11,"filterAttributes":["ABO"],"filterRating":0.11,"packSize":"100 g","variants":[{"id":"03737422","text":"Bei Entzündungen der Haut","webDetailPath":"arzneimittel/3737422/multilind-heilsalbe-mit-nystatin.htm","stock":"product.stockStatus.available","active":true,"discount":"35","retailPrice":"680","listPrice":"1039","packSize":"25 g","nowProductGroup":"sameday_nextday","attributes":["apothekenpflichtig","Arzneimittel"],"productName":"Multilind® Heilsalbe mit Nystatin","pricePerUnit":"27,20 € / 100 g","imageUrl":"https://cdn.shop-apotheke.com/images/multilind-heilsalbe-mit-nystatin-paste-D03737422-p1.jpg","pharmaForm":"Paste","ribbonText":"","RPMultiplier":"1"},{"id":"03737617","text":"Bei Entzündungen der Haut","webDetailPath":"arzneimittel/3737617/multilind-heilsalbe-mit-nystatin.htm","stock":"product.stockStatus.available","active":false,"discount":"37","retailPrice":"1063","listPrice":"1685","packSize":"50 g","nowProductGroup":"sameday_nextday","attributes":["apothekenpflichtig","Arzneimittel"],"productName":"Multilind® Heilsalbe mit Nystatin","pricePerUnit":"21,26 € / 100 g","imageUrl":"https://cdn.shop-apotheke.com/images/multilind-heilsalbe-mit-nystatin-paste-D03737617-p1.jpg","pharmaForm":"Paste","ribbonText":"","RPMultiplier":"1"},{"id":"03737646","text":"Bei Entzündungen der Haut","webDetailPath":"arzneimittel/3737646/multilind-heilsalbe-mit-nystatin-im-spender.htm","stock":"product.stockStatus.available","active":false,"discount":"34","retailPrice":"1774","listPrice":"2707","packSize":"100 g","nowProductGroup":"sameday_nextday","attributes":["apothekenpflichtig","Arzneimittel","ABO"],"productName":"Multilind® Heilsalbe mit Nystatin im Spender","pricePerUnit":"17,74 € / 100 g","imageUrl":"https://cdn.shop-apotheke.com/images/multilind-heilsalbe-mit-nystatin-im-spender-paste-D03737646-p10.jpg","pharmaForm":"Paste","ribbonText":"","RPMultiplier":"1"}],"master":false,"marketplace":true,"nowProductGroup":"sameday_nextday","notOnStockMessage":"","stockStatusColor":"green","categoryCodes":["csd00001","csd00077","csd02753","csd00141","root","catalogs","main","landingpages","csd03339","csd03476","csd03646","csd03644","csd03692","csd03939"],"prices":{"listPrice":{"amount":27.07,"net":23.34,"currency":"EUR","info":{"index":1,"text":"AVP / UVP"}},"retailPrice":{"amount":17.74,"net":15.29,"currency":"EUR","info":{"index":1,"text":"AVP / UVP"}}},"calculatedRatingRanking":4.3,"objectID":"03737646","_highlightResult":{"activeSubstances":[{"value":"Nystatin","matchLevel":"none","matchedWords":[]},{"value":"Zinkoxid","matchLevel":"none","matchedWords":[]}]},"_rankingInfo":{"nbTypos":0,"firstMatchedWord":0,"proximityDistance":0,"userScore":164,"geoDistance":0,"geoPrecision":1,"nbExactWords":0,"words":1,"filters":1,"personalization":{"score":0,"rankingScore":0,"filtersScore":0,"textualRelevanceBucket":1,"initialPosition":136,"newPosition":136}}},{"brandCode":"csd2701","pzn":"02751816","productName":"Rennie®","secondaryCategories":["Landingpages","Bayer Rennie","Black Friday®","40% und mehr","Landingpages","NOW! Reiseapotheke","Landingpages","SHOP APOTHEKE NOW!"],"manufacturer":"Bayer Vital GmbH","pharmaForm":"Kautabletten","brand":"RENNIE","brandIntern":"Rennie®","subBrandIntern":"","activeSubstances":["Magnesium carbonat, schweres, basisches","Calciumcarbonat"],"additiveSubstances":["Maisstärke, vorverkleistert","Paraffin, dünnflüssiges","Pfefferminz-Aroma, Pulver, 879064/7920, Robertet","Zitronen-Aroma 987323/P, Firmenich","Magnesium stearat (pflanzlich)","Saccharose","Kartoffelstärke","Talkum"],"additiveSubstancesHtml":"<ul><li>Maisstärke, vorverkleistert</li><li>Paraffin, dünnflüssiges</li><li>Pfefferminz-Aroma, Pulver, 879064/7920, Robertet</li><li>Zitronen-Aroma 987323/P, Firmenich</li><li>Magnesium stearat (pflanzlich)</li><li>Saccharose</li><li>Kartoffelstärke</li><li>Talkum</li></ul>","descriptionShort":"Zur Verwendung bei Sodbrennen, Magenbeschwerden und saurem Aufstoßen","keywords":[],"unit":"St","unitQuantityString":"24","masterID":"02751816","indicationRanges":["Magen-Darm-wirksame Pharmaka","Antazida","Anorganische Basen"],"ratingCount":124,"averageRating":4.89,"attributes":["apothekenpflichtig","Arzneimittel"],"prescriptionMedicine":false,"price":563,"listPrice":661,"netRetailPrice":485,"priceFormatted":"€ 5,63","listPriceFormatted":"€ 6,61","potency":"","ifap":"Das Präparat ist ein Mittel zur Bindung überschüssiger Magensäure (Antazidum). Es wird angewendet:zur symptomatischen Behandlung von Erkrankungen, bei denen die Magensäure gebunden werden soll, wie z.B. :Sodbrennen und säurebedingte Magenbeschwerden, Magen- und Zwölffingerdarmgeschwüre (Ulcus ventriculi oder Ulcus duodeni).","image":"https://cdn.shop-apotheke.com/images/rennie-kautabletten-D02751816-p1.jpg","hasImage":true,"deeplink":"arzneimittel/2751816/rennie.htm","applicablePromotions":"","variantDetails":"02751816|02751816|15|24 St|563|arzneimittel/2751816/rennie.htm|product.stockStatus.available","stockStatus":"","stockStatusReason":"product.stockStatus.available","inStock":true,"pricePerUnit":"","discountInPercent":15,"created":1445167219000,"lastChanged":1598609343000,"ratingsLink":"/produktbewertungen/2751816/rennie.htm","ean":"","RPMultiplier":1,"ribbonText":"","primaryCategory":["Die Online-Apotheke für Deutschland","Die Online-Apotheke für Deutschland/Arzneimittel & weitere Produkte ","Die Online-Apotheke für Deutschland/Arzneimittel & weitere Produkte /Magen & Darm","Die Online-Apotheke für Deutschland/Arzneimittel & weitere Produkte /Magen & Darm/Sodbrennen"],"topsellerCountBucket":11,"filterAttributes":[],"filterRating":0.11,"packSize":"24 St","variants":[{"id":"02751816","text":"Zur Verwendung bei Sodbrennen, Magenbeschwerden und saurem Aufstoßen","webDetailPath":"arzneimittel/2751816/rennie.htm","stock":"product.stockStatus.available","active":true,"discount":"15","retailPrice":"563","listPrice":"661","packSize":"24 St","nowProductGroup":"nextday","attributes":["apothekenpflichtig","Arzneimittel"],"productName":"Rennie®","pricePerUnit":"","imageUrl":"https://cdn.shop-apotheke.com/images/rennie-kautabletten-D02751816-p1.jpg","pharmaForm":"Kautabletten","ribbonText":"","RPMultiplier":"1"},{"id":"01459611","text":"Zur Anwendung bei Sodbrennen, Magenbeschwerden und saurem Ausstoßen","webDetailPath":"arzneimittel/1459611/rennie.htm","stock":"product.stockStatus.available","active":false,"discount":"27","retailPrice":"667","listPrice":"914","packSize":"36 St","nowProductGroup":"sameday_nextday","attributes":["apothekenpflichtig","Arzneimittel"],"productName":"Rennie®","pricePerUnit":"","imageUrl":"https://cdn.shop-apotheke.com/images/rennie-kautabletten-D01459611-p1.jpg","pharmaForm":"Kautabletten","ribbonText":"","RPMultiplier":"1"},{"id":"01459628","text":"Zur Anwendung bei Sodbrennen, Magenbeschwerden und saurem Ausstoßen","webDetailPath":"arzneimittel/1459628/rennie.htm","stock":"product.stockStatus.available","active":false,"discount":"31","retailPrice":"964","listPrice":"1393","packSize":"60 St","nowProductGroup":"nextday","attributes":["apothekenpflichtig","Arzneimittel"],"productName":"Rennie®","pricePerUnit":"","imageUrl":"https://cdn.shop-apotheke.com/images/rennie-kautabletten-D01459628-p1.jpg","pharmaForm":"Kautabletten","ribbonText":"","RPMultiplier":"1"},{"id":"01459634","text":"Zur Anwendung bei Sodbrennen, Magenbeschwerden und saurem Ausstoßen","webDetailPath":"arzneimittel/1459634/rennie.htm","stock":"product.stockStatus.available","active":false,"discount":"26","retailPrice":"1802","listPrice":"2434","packSize":"120 St","nowProductGroup":"sameday_nextday","attributes":["apothekenpflichtig","Arzneimittel"],"productName":"Rennie®","pricePerUnit":"","imageUrl":"https://cdn.shop-apotheke.com/images/rennie-kautabletten-D01459634-p1.jpg","pharmaForm":"Kautabletten","ribbonText":"","RPMultiplier":"1"}],"master":true,"marketplace":true,"nowProductGroup":"nextday","notOnStockMessage":"","stockStatusColor":"green","categoryCodes":["csd00001","csd00219","csd00229","csd01434","csd02271","csd02272","root","catalogs","main","landingpages","csd02355","csd03339","csd03476"],"prices":{"listPrice":{"amount":6.61,"net":5.7,"currency":"EUR","info":{"index":1,"text":"AVP / UVP"}},"retailPrice":{"amount":5.63,"net":4.85,"currency":"EUR","info":{"index":1,"text":"AVP / UVP"}}},"calculatedRatingRanking":4.2,"objectID":"02751816","_highlightResult":{"activeSubstances":[{"value":"Magnesium carbonat, schweres, basisches","matchLevel":"none","matchedWords":[]},{"value":"Calciumcarbonat","matchLevel":"none","matchedWords":[]}]},"_rankingInfo":{"nbTypos":0,"firstMatchedWord":0,"proximityDistance":0,"userScore":163,"geoDistance":0,"geoPrecision":1,"nbExactWords":0,"words":1,"filters":1,"personalization":{"score":0,"rankingScore":0,"filtersScore":0,"textualRelevanceBucket":1,"initialPosition":137,"newPosition":137}}},{"brandCode":"csd2662","pzn":"02481587","productName":"Paracetamol 500 mg - 1A-Pharma®","secondaryCategories":["1A Pharma","Schmerzen und Fieber, Erkältung","RedPoints Aktionswoche - Gute Vorsätze","Beauty ","Schmerzen","Zahnschmerzen","Black Friday®","30% und mehr","Landingpages","NOW! Erkältung","Landingpages","NOW! Schmerzen","Landingpages","NOW! Reiseapotheke","Landingpages","Flash Deal Erkaeltung","Black Friday®","Erkältungs-Produkte","Landingpages","Gesund durch den Karneval","Erkältung & Grippe","Fiebersenkende Schmerzmittel","Kopfschmerzen","Paracetamol","Healthy Deals","RedPoints-Aktion"],"manufacturer":"1 A Pharma GmbH","pharmaForm":"Tabletten","brand":"Paracetamol 1A Pharma","brandIntern":"1 A Pharma","subBrandIntern":"Paracetamol - 1A-Pharma®","activeSubstances":["Paracetamol"],"additiveSubstances":["Stearinsäure","Magnesium stearat","Siliciumdioxid, hochdisperses","Cellulose, mikrokristalline","Povidon K30","Maisstärke"],"additiveSubstancesHtml":"<ul><li>Stearinsäure</li><li>Magnesium stearat</li><li>Siliciumdioxid, hochdisperses</li><li>Cellulose, mikrokristalline</li><li>Povidon K30</li><li>Maisstärke</li></ul>","descriptionShort":"Zur symptomatischen Behandlung von leichten bis mäßig starken Schmerzen und Fieber","keywords":[],"unit":"St","unitQuantityString":"20","masterID":"02481570","indicationRanges":["Analgetika/ Antipyretika","Antipyretisch wirkende Analgetika","Anilin-Derivate (Monopräparate)"],"ratingCount":154,"averageRating":4.89,"attributes":["apothekenpflichtig","Arzneimittel"],"prescriptionMedicine":false,"price":115,"listPrice":161,"netRetailPrice":99,"priceFormatted":"€ 1,15","listPriceFormatted":"€ 1,61","potency":"","ifap":"Das Präparat ist ein schmerzstillendes, fiebersenkendes Arzneimittel (Analgetikum und Antipyretikum). Es wird angewendet zur symptomatischen Behandlung von leichten bis mäßig starken Schmerzen wie Kopfschmerzen, Zahnschmerzen, Regelschmerzen und/oder von Fieber.","image":"https://cdn.shop-apotheke.com/images/paracetamol-500-mg-1a-pharma-tabletten-D02481587-p1.jpg","hasImage":true,"deeplink":"arzneimittel/2481587/paracetamol-500-mg-1a-pharma.htm","applicablePromotions":"","variantDetails":"02481570|02481587|29|20 St|115|arzneimittel/2481587/paracetamol-500-mg-1a-pharma.htm|product.stockStatus.available","stockStatus":"","stockStatusReason":"product.stockStatus.available","inStock":true,"pricePerUnit":"","discountInPercent":29,"created":1445170548000,"lastChanged":1598578343000,"ratingsLink":"/produktbewertungen/2481587/paracetamol-500-mg-1a-pharma.htm","ean":"","RPMultiplier":1,"ribbonText":"","primaryCategory":["Die Online-Apotheke für Deutschland","Die Online-Apotheke für Deutschland/Arzneimittel & weitere Produkte ","Die Online-Apotheke für Deutschland/Arzneimittel & weitere Produkte /Schmerzen","Die Online-Apotheke für Deutschland/Arzneimittel & weitere Produkte /Schmerzen/Fiebersenkende Schmerzmittel"],"topsellerCountBucket":11,"filterAttributes":[],"filterRating":0.11,"packSize":"20 St","variants":[{"id":"02481570","text":"Zur symptomatischen Behandlung von leichten bis mäßig starken Schmerzen und Fieber","webDetailPath":"arzneimittel/2481570/paracetamol-500-mg-1a-pharma.htm","stock":"product.stockStatus.available","active":true,"discount":"26","retailPrice":"82","listPrice":"111","packSize":"10 St","nowProductGroup":"sameday_nextday","attributes":["apothekenpflichtig","Arzneimittel"],"productName":"Paracetamol 500 mg - 1A-Pharma®","pricePerUnit":"","imageUrl":"https://cdn.shop-apotheke.com/images/paracetamol-500-mg-1a-pharma-tabletten-D02481570-p1.jpg","pharmaForm":"Tabletten","ribbonText":"","RPMultiplier":"1"},{"id":"02481587","text":"Zur symptomatischen Behandlung von leichten bis mäßig starken Schmerzen und Fieber","webDetailPath":"arzneimittel/2481587/paracetamol-500-mg-1a-pharma.htm","stock":"product.stockStatus.available","active":false,"discount":"29","retailPrice":"115","listPrice":"161","packSize":"20 St","nowProductGroup":"nextday","attributes":["apothekenpflichtig","Arzneimittel"],"productName":"Paracetamol 500 mg - 1A-Pharma®","pricePerUnit":"","imageUrl":"https://cdn.shop-apotheke.com/images/paracetamol-500-mg-1a-pharma-tabletten-D02481587-p1.jpg","pharmaForm":"Tabletten","ribbonText":"","RPMultiplier":"1"}],"master":false,"marketplace":false,"nowProductGroup":"nextday","notOnStockMessage":"","stockStatusColor":"green","categoryCodes":["csd00001","csd00269","csd00275","csd00282","csd00061","csd01059","csd02394","csd02395","csd01434","csd02271","csd02859","csd02862","csd03171","csd03172","csd02968","csd03288","root","catalogs","main","landingpages","csd03341","csd03475","csd03476","csd03524","csd03716","brandshop","csd1720","csd1729"],"prices":{"listPrice":{"amount":1.61,"net":1.39,"currency":"EUR","info":{"index":1,"text":"AVP / UVP"}},"retailPrice":{"amount":1.15,"net":0.99,"currency":"EUR","info":{"index":1,"text":"AVP / UVP"}}},"calculatedRatingRanking":4.3,"objectID":"02481587","_highlightResult":{"activeSubstances":[{"value":"Paracetamol","matchLevel":"none","matchedWords":[]}]},"_rankingInfo":{"nbTypos":0,"firstMatchedWord":0,"proximityDistance":0,"userScore":162,"geoDistance":0,"geoPrecision":1,"nbExactWords":0,"words":1,"filters":1,"personalization":{"score":0,"rankingScore":0,"filtersScore":0,"textualRelevanceBucket":1,"initialPosition":138,"newPosition":138}}},{"brandCode":"csd02085","pzn":"01448168","productName":"WALA® Euphrasia Augentropfen","secondaryCategories":["Auge","Augenreizungen","Black Friday®","30% und mehr","Landingpages","Flash Deal Homöopathie","UNSERE ADVENTS-ÜBERASCHUNG EXKLUSIV FÜR UNSERE BESTEN KUNDEN.","Advent 2","Auge","Homöopathische Produkte","Landingpages","SHOP APOTHEKE NOW!"],"manufacturer":"WALA Heilmittel GmbH","pharmaForm":"Augentropfen","brand":"Wala","brandIntern":"WALA®","subBrandIntern":"Euphrasia","activeSubstances":["Euphrasia ferm 33c D2","Rosae aetheroleum D7"],"additiveSubstances":["Wasser für Injektionszwecke","Natriumchlorid","Natriumhydrogencarbonat"],"additiveSubstancesHtml":"<ul><li>Wasser für Injektionszwecke</li><li>Natriumchlorid</li><li>Natriumhydrogencarbonat</li></ul>","descriptionShort":"Anthroposophisches Arzneimittel bei Bindehautentzündung","keywords":["Augentropfen","Auge","Augen","wala"],"unit":"ml","unitQuantityString":"30X0,5","masterID":"01448168","indicationRanges":["Ophthalmika","Anthroposophika","Sonstige"],"ratingCount":113,"averageRating":4.89,"attributes":["apothekenpflichtig","homöopathisch","Arzneimittel"],"prescriptionMedicine":false,"price":1513,"listPrice":2032,"netRetailPrice":1304,"priceFormatted":"€ 15,13","listPriceFormatted":"€ 20,32","potency":"","ifap":"Anthroposophisches Arzneimittel bei Bindehautentzündung. Anwendungsgebiete gemäß der anthroposophischen Menschen- und Naturerkenntnis.  Dazu gehören:Strukturierung des Flüssigkeitsorganismus im Augenbereich, z.B. katarrhalische Bindehautentzündung. ","image":"https://cdn.shop-apotheke.com/images/wala-euphrasia-augentropfen-augentropfen-D01448168-p1.jpg","hasImage":true,"deeplink":"homoeopathie/1448168/wala-euphrasia-augentropfen.htm","applicablePromotions":"","variantDetails":"01448168|01448168|26|30X0,5 ml|1513|homoeopathie/1448168/wala-euphrasia-augentropfen.htm|product.stockStatus.available","stockStatus":"","stockStatusReason":"product.stockStatus.available","inStock":true,"pricePerUnit":"100,87 € / 100 ml","discountInPercent":26,"created":1445167521000,"lastChanged":1598568777000,"ratingsLink":"/produktbewertungen/1448168/wala-euphrasia-augentropfen.htm","ean":"","RPMultiplier":1,"ribbonText":"","primaryCategory":["Die Online-Apotheke für Deutschland","Die Online-Apotheke für Deutschland/Homöopathie & Naturprodukte","Die Online-Apotheke für Deutschland/Homöopathie & Naturprodukte/Anwendungsgebiete","Die Online-Apotheke für Deutschland/Homöopathie & Naturprodukte/Anwendungsgebiete/Homöopathisch","Die Online-Apotheke für Deutschland/Homöopathie & Naturprodukte/Anwendungsgebiete/Homöopathisch/Augengesundheit"],"topsellerCountBucket":11,"filterAttributes":["homöopathisch"],"filterRating":0.11,"packSize":"30X0,5 ml","variants":[{"id":"01448168","text":"Anthroposophisches Arzneimittel bei Bindehautentzündung","webDetailPath":"homoeopathie/1448168/wala-euphrasia-augentropfen.htm","stock":"product.stockStatus.available","active":true,"discount":"26","retailPrice":"1513","listPrice":"2032","packSize":"30X0,5 ml","nowProductGroup":"sameday_nextday","attributes":["apothekenpflichtig","homöopathisch","Arzneimittel"],"productName":"WALA® Euphrasia Augentropfen","pricePerUnit":"100,87 € / 100 ml","imageUrl":"https://cdn.shop-apotheke.com/images/wala-euphrasia-augentropfen-augentropfen-D01448168-p1.jpg","pharmaForm":"Augentropfen","ribbonText":"","RPMultiplier":"1"}],"master":true,"marketplace":true,"nowProductGroup":"sameday_nextday","notOnStockMessage":"","stockStatusColor":"green","categoryCodes":["csd00850","csd00851","csd00852","csd00855","csd00001","csd00020","csd00021","csd00023","csd01070","csd01434","csd02271","csd02859","root","catalogs","main","landingpages","csd03339","csd03523","csd03646","csd03643"],"prices":{"listPrice":{"amount":20.32,"net":17.52,"currency":"EUR","info":{"index":1,"text":"AVP / UVP"}},"retailPrice":{"amount":15.13,"net":13.04,"currency":"EUR","info":{"index":1,"text":"AVP / UVP"}}},"calculatedRatingRanking":4.16,"objectID":"01448168","_highlightResult":{"activeSubstances":[{"value":"Euphrasia ferm 33c D2","matchLevel":"none","matchedWords":[]},{"value":"Rosae <ais-highlight-0000000000>a</ais-highlight-0000000000>etheroleum D7","matchLevel":"full","fullyHighlighted":false,"matchedWords":["a"]}]},"_rankingInfo":{"nbTypos":0,"firstMatchedWord":0,"proximityDistance":0,"userScore":161,"geoDistance":0,"geoPrecision":1,"nbExactWords":0,"words":1,"filters":1,"personalization":{"score":0,"rankingScore":0,"filtersScore":0,"textualRelevanceBucket":1,"initialPosition":139,"newPosition":139}}},{"brandCode":"csd2610","pzn":"01356124","productName":"nasic® für Kinder Nasenspray","secondaryCategories":["Ratgeber","Erkältung","Ratgeber","Schnupfen","Landingpages","Produktübersicht nasic®","Baby- & Kindergesundheit","Erkältung, Schmerzen & Fieber","Erkältung & Grippe","Schnupfen","Black Friday®","40% und mehr","Landingpages","Flash Deal Erkaeltung","Black Friday®","Erkältungs-Produkte","Landingpages","SHOP APOTHEKE NOW!"],"manufacturer":"MCM KLOSTERFRAU Vertr. GmbH","pharmaForm":"Nasenspray","brand":"nasic","brandIntern":"nasic®","subBrandIntern":"","activeSubstances":["Dexpanthenol","Xylometazolin hydrochlorid"],"additiveSubstances":["Kaliumdihydrogenphosphat","Benzalkonium chlorid","Wasser, gereinigtes","Dinatriumhydrogenphosphat-12-Wasser"],"additiveSubstancesHtml":"<ul><li>Kaliumdihydrogenphosphat</li><li>Benzalkonium chlorid</li><li>Wasser, gereinigtes</li><li>Dinatriumhydrogenphosphat-12-Wasser</li></ul>","descriptionShort":"Zur Abschwellung der Nasenschleimhaut bei Schnupfen","keywords":["kindernasenspray"],"unit":"ml","unitQuantityString":"10","masterID":"01356124","indicationRanges":["Atemwegskrankheiten und grippale Infekte","Rhinologika, lokale Anwendung","Schnupfenmittel, Sympathomimetika-haltig"],"ratingCount":28,"averageRating":4.89,"attributes":["apothekenpflichtig","Arzneimittel"],"prescriptionMedicine":false,"price":417,"listPrice":609,"netRetailPrice":359,"priceFormatted":"€ 4,17","listPriceFormatted":"€ 6,09","potency":"","ifap":"Das Präparat ist ein Nasenspray. Der darin enthaltene Wirkstoff Xylometazolinhydrochlorid verengt die Gefäße und bewirkt dadurch eine Abschwellung der Nasenschleimhaut. Der zusätzlich enthaltene Wirkstoff Dexpanthenol ist ein Abkömmling des Vitamins Pantothensäure, das die Wundheilung fördert und die Schleimhaut schützt. Das Arzneimittel wird angewendetzur Abschwellung der Nasenschleimhaut bei Schnupfen und zur unterstützenden Behandlung der Heilung von Haut- und Schleimhautschäden (-Läsionen), anfallsweise auftretendem Fließschnupfen (Rhinitis vasomotorica) und zur Behandlung der Nasenatmungsbehinderung nach operativen Eingriffen an der Nase. Zur Abschwellung der Nasenschleimhaut bei Schnupfen in Verbindung mit akuten Entzündungen der Nasennebenhöhlen (Rhinosinusitis). Das Präparat ist für Kinder zwischen 2 und 6 Jahren bestimmt.","image":"https://cdn.shop-apotheke.com/images/nasic-fuer-kinder-nasenspray-nasenspray-D01356124-p1.jpg","hasImage":true,"deeplink":"arzneimittel/1356124/nasic-fuer-kinder-nasenspray.htm","applicablePromotions":"","variantDetails":"01356124|01356124|32|10 ml|417|arzneimittel/1356124/nasic-fuer-kinder-nasenspray.htm|product.stockStatus.available","stockStatus":"","stockStatusReason":"product.stockStatus.available","inStock":true,"pricePerUnit":"41,70 € / 100 ml","discountInPercent":32,"created":1445174153000,"lastChanged":1598568745000,"ratingsLink":"/produktbewertungen/1356124/nasic-fuer-kinder-nasenspray.htm","ean":"4008617225225","RPMultiplier":1,"ribbonText":"","primaryCategory":["Die Online-Apotheke für Deutschland","Die Online-Apotheke für Deutschland/Arzneimittel & weitere Produkte ","Die Online-Apotheke für Deutschland/Arzneimittel & weitere Produkte /Auge, Nase & Ohr","Die Online-Apotheke für Deutschland/Arzneimittel & weitere Produkte /Auge, Nase & Ohr/Nase","Die Online-Apotheke für Deutschland/Arzneimittel & weitere Produkte /Auge, Nase & Ohr/Nase/Schnupfen"],"topsellerCountBucket":11,"filterAttributes":[],"filterRating":0.11,"packSize":"10 ml","variants":[{"id":"01356124","text":"Zur Abschwellung der Nasenschleimhaut bei Schnupfen","webDetailPath":"arzneimittel/1356124/nasic-fuer-kinder-nasenspray.htm","stock":"product.stockStatus.available","active":true,"discount":"32","retailPrice":"417","listPrice":"609","packSize":"10 ml","nowProductGroup":"nextday","attributes":["apothekenpflichtig","Arzneimittel"],"productName":"nasic® für Kinder Nasenspray","pricePerUnit":"41,70 € / 100 ml","imageUrl":"https://cdn.shop-apotheke.com/images/nasic-fuer-kinder-nasenspray-nasenspray-D01356124-p1.jpg","pharmaForm":"Nasenspray","ribbonText":"","RPMultiplier":"1"}],"master":true,"marketplace":true,"nowProductGroup":"nextday","notOnStockMessage":"","stockStatusColor":"green","categoryCodes":["csd00001","csd00020","csd00028","csd00033","csd00362","csd02667","csd00372","csd00374","csd00061","csd01060","root","catalogs","main","themeshop","csd01135","csd01430","csd01434","csd02271","csd02272","landingpages","csd02377","csd02862","csd03339","csd03524"],"prices":{"listPrice":{"amount":6.09,"net":5.25,"currency":"EUR","info":{"index":1,"text":"AVP / UVP"}},"retailPrice":{"amount":4.17,"net":3.59,"currency":"EUR","info":{"index":1,"text":"AVP / UVP"}}},"calculatedRatingRanking":3.36,"objectID":"01356124","_highlightResult":{"activeSubstances":[{"value":"Dexpanthenol","matchLevel":"none","matchedWords":[]},{"value":"Xylometazolin hydrochlorid","matchLevel":"none","matchedWords":[]}]},"_rankingInfo":{"nbTypos":0,"firstMatchedWord":0,"proximityDistance":0,"userScore":160,"geoDistance":0,"geoPrecision":1,"nbExactWords":0,"words":1,"filters":1,"personalization":{"score":0,"rankingScore":0,"filtersScore":0,"textualRelevanceBucket":1,"initialPosition":140,"newPosition":140}}},{"brandCode":"csd03719","pzn":"01343682","productName":"ASS-ratiopharm® 100 mg TAH Tabletten","secondaryCategories":["ratiopharm","Weitere Produkte","Black Friday®","40% und mehr","Landingpages","SHOP APOTHEKE NOW!"],"manufacturer":"ratiopharm GmbH","pharmaForm":"Tabletten","brand":"ratiopharm Ass","brandIntern":"ratiopharm","subBrandIntern":"ASS-ratiopharm®","activeSubstances":["Acetylsalicylsäure"],"additiveSubstances":["Cellulosepulver","Cellulose, mikrokristalline","Maisstärke"],"additiveSubstancesHtml":"<ul><li>Cellulosepulver</li><li>Cellulose, mikrokristalline</li><li>Maisstärke</li></ul>","descriptionShort":"Hemmt u.a. das Zusammenhaften und Verklumpen von Blutplättchen","keywords":[],"unit":"St","unitQuantityString":"100","masterID":"01343676","indicationRanges":["Blut und Blutbildung beeinflussende Pharmaka","Thrombozytenfunktionshemmer","Salicylate"],"ratingCount":118,"averageRating":4.89,"attributes":["apothekenpflichtig","Arzneimittel"],"prescriptionMedicine":false,"price":277,"listPrice":428,"netRetailPrice":239,"priceFormatted":"€ 2,77","listPriceFormatted":"€ 4,28","potency":"","ifap":"Das Präparat hemmt u.a. das Zusammenhaften und Verklumpen von Blutplättchen (Thrombozyten) und beugt dadurch der Entstehung von Blutgerinnseln (Thromben) vor (Thrombozytenaggregationshemmung). Es wird angewendetbei instabiler Angina pectoris (Herzschmerzen aufgrund von Durchblutungsstörungen in den Herzkranzgefäßen) - als Teil der Standardtherapie. bei akutem Herzinfarkt - als Teil der Standardtherapie. zur Vorbeugung eines weiteren Herzinfarktes nach erstem Herzinfarkt (zur Reinfarktprophylaxe). nach Operationen oder anderen Eingriffen an arteriellen Blutgefäßen (nach arteriellen gefäßchirurgischen oder interventionellen Eingriffen, z.B. nach aortokoronarem Venen-Bypass [ACVB], bei perkutaner transluminaler koronarer Angioplastie [PTCA]). zur Vorbeugung von vorübergehender Mangeldurchblutung im Gehirn (TIA: transitorische ischämische Attacken) und Hirninfarkten, nachdem Vorläuferstadien (z.B. vorübergehende Lähmungserscheinungen im Gesicht oder der Armmuskulatur oder vorübergehender Sehverlust) aufgetreten sind. Hinweis:Das Präparat eignet sich nicht zur Behandlung von Schmerzzuständen.","image":"https://cdn.shop-apotheke.com/images/ass-ratiopharm-100-mg-tah-tabletten-tabletten-D01343682-p1.jpg","hasImage":true,"deeplink":"arzneimittel/1343682/ass-ratiopharm-100-mg-tah-tabletten.htm","applicablePromotions":"","variantDetails":"01343676|01343682|35|100 St|277|arzneimittel/1343682/ass-ratiopharm-100-mg-tah-tabletten.htm|product.stockStatus.available","stockStatus":"","stockStatusReason":"product.stockStatus.available","inStock":true,"pricePerUnit":"","discountInPercent":35,"created":1445163036000,"lastChanged":1598568740000,"ratingsLink":"/produktbewertungen/1343682/ass-ratiopharm-100-mg-tah-tabletten.htm","ean":"","RPMultiplier":1,"ribbonText":"","primaryCategory":["Die Online-Apotheke für Deutschland","Die Online-Apotheke für Deutschland/Arzneimittel & weitere Produkte ","Die Online-Apotheke für Deutschland/Arzneimittel & weitere Produkte /Herz, Kreislauf & Gefäße","Die Online-Apotheke für Deutschland/Arzneimittel & weitere Produkte /Herz, Kreislauf & Gefäße/Blutverdünnung"],"topsellerCountBucket":11,"filterAttributes":[],"filterRating":0.11,"packSize":"100 St","variants":[{"id":"01343676","text":"Hemmt u.a. das Zusammenhaften und Verklumpen von Blutplättchen","webDetailPath":"arzneimittel/1343676/ass-ratiopharm-100-mg-tah-tabletten.htm","stock":"product.stockStatus.available","active":true,"discount":"43","retailPrice":"174","listPrice":"306","packSize":"50 St","nowProductGroup":"sameday_nextday","attributes":["apothekenpflichtig","Arzneimittel"],"productName":"ASS-ratiopharm® 100 mg TAH Tabletten","pricePerUnit":"","imageUrl":"https://cdn.shop-apotheke.com/images/ass-ratiopharm-100-mg-tah-tabletten-tabletten-D01343676-p1.jpg","pharmaForm":"Tabletten","ribbonText":"","RPMultiplier":"1"},{"id":"01343682","text":"Hemmt u.a. das Zusammenhaften und Verklumpen von Blutplättchen","webDetailPath":"arzneimittel/1343682/ass-ratiopharm-100-mg-tah-tabletten.htm","stock":"product.stockStatus.available","active":false,"discount":"35","retailPrice":"277","listPrice":"428","packSize":"100 St","nowProductGroup":"sameday_nextday","attributes":["apothekenpflichtig","Arzneimittel"],"productName":"ASS-ratiopharm® 100 mg TAH Tabletten","pricePerUnit":"","imageUrl":"https://cdn.shop-apotheke.com/images/ass-ratiopharm-100-mg-tah-tabletten-tabletten-D01343682-p1.jpg","pharmaForm":"Tabletten","ribbonText":"","RPMultiplier":"1"}],"master":false,"marketplace":true,"nowProductGroup":"sameday_nextday","notOnStockMessage":"","stockStatusColor":"green","categoryCodes":["csd00001","csd00175","csd00179","csd01434","csd02271","csd02272","root","catalogs","main","landingpages","csd03339","brandshop","csd2123","csd2146"],"prices":{"listPrice":{"amount":4.28,"net":3.69,"currency":"EUR","info":{"index":1,"text":"AVP / UVP"}},"retailPrice":{"amount":2.77,"net":2.39,"currency":"EUR","info":{"index":1,"text":"AVP / UVP"}}},"calculatedRatingRanking":4.18,"objectID":"01343682","_highlightResult":{"activeSubstances":[{"value":"<ais-highlight-0000000000>A</ais-highlight-0000000000>cetylsalicylsäure","matchLevel":"full","fullyHighlighted":false,"matchedWords":["a"]}]},"_rankingInfo":{"nbTypos":0,"firstMatchedWord":0,"proximityDistance":0,"userScore":159,"geoDistance":0,"geoPrecision":1,"nbExactWords":0,"words":1,"filters":1,"personalization":{"score":0,"rankingScore":0,"filtersScore":0,"textualRelevanceBucket":1,"initialPosition":141,"newPosition":141}}},{"brandCode":"csd2248","pzn":"10203632","productName":"Aspirin® 500 mg überzogene Tabletten","secondaryCategories":["Ratgeber","Kopfschmerzen","Schmerzen","Zahnschmerzen","Black Friday®","30% und mehr","Landingpages","NOW! Erkältung","Landingpages","NOW! Schmerzen","Landingpages","NOW! Reiseapotheke","Landingpages","Unsere Topseller","Landingpages","Topseller","Landingpages","Topseller","Black Friday®","Erkältungs-Produkte","Landingpages","Gesund durch den Karneval","Landingpages","Weltgesundheitstag: Hausapotheke","Erkältung & Grippe","Fiebersenkende Schmerzmittel","Kopfschmerzen","ASS & Aspirin","Landingpages","SHOP APOTHEKE NOW!","Landingpages","Mai Aktion","Landingpages","Mai Kracher","Landingpages","Top 100"],"manufacturer":"Bayer Vital GmbH","pharmaForm":"Überzogene Tabletten","brand":"Aspirin überzogene Tabletten","brandIntern":"ASPIRIN®","subBrandIntern":"","activeSubstances":["Acetylsalicylsäure"],"additiveSubstances":["Zink(stearat, palmitat, oleat)","Hypromellose","Carnaubawachs","Siliciumdioxid, hochdisperses","Siliciumdioxid, hochdisperses","Natriumcarbonat"],"additiveSubstancesHtml":"<ul><li>Zink(stearat, palmitat, oleat)</li><li>Hypromellose</li><li>Carnaubawachs</li><li>Siliciumdioxid, hochdisperses</li><li>Siliciumdioxid, hochdisperses</li><li>Natriumcarbonat</li></ul>","descriptionShort":"Besonders schnell und effektiv gegen Kopfschmerzen bei guter Verträglichkeit","keywords":[],"unit":"St","unitQuantityString":"80","masterID":"10203595","indicationRanges":["Analgetika/ Antipyretika","Antipyretisch wirkende Analgetika","Salicylsäure-Derivate (Monopräparate)"],"ratingCount":95,"averageRating":4.88,"attributes":["apothekenpflichtig","Arzneimittel"],"prescriptionMedicine":false,"price":1359,"listPrice":1949,"netRetailPrice":1172,"priceFormatted":"€ 13,59","listPriceFormatted":"€ 19,49","potency":"","ifap":"Das Arzneimittel enthält Acetylsalicylsäure (Ph.Eur.) und ist ein schmerzstillendes und fiebersenkendes Arzneimittel. Das Präparat wird angewendet zur symptomatischen Behandlung von Fieber und/oder leichten bis mäßig starken Schmerzen wie z. B. Kopfschmerzen, Schmerzen in Rahmen eines grippalen Infekts, Zahnschmerzen sowie Muskelschmerzen. Das Arzneimittel ist für die Anwendung bei Erwachsenen und Jugendlichen ab 12 Jahren (mit einem Körpergewicht von 40 kg und darüber) bestimmt. Fragen Sie Ihren Arzt oder Apotheker nach anderen Arzneimitteln mit Acetylsalicylsäure für Patienten mit einem Körpergewicht unter 40 kg. Wenn Sie sich nach 3 Tagen (gilt für Fieber) bzw. 3 - 4 Tagen (gilt für Schmerzen) nicht besser fühlen, müssen Sie sich an Ihren Arzt wenden.","image":"https://cdn.shop-apotheke.com/images/aspirin-500-mg-ueberzogene-tabletten-ueberzogene-tabletten-D10203632-p1.jpg","hasImage":true,"deeplink":"arzneimittel/10203632/aspirin-500-mg-ueberzogene-tabletten.htm","applicablePromotions":"","variantDetails":"10203595|10203632|30|80 St|1359|arzneimittel/10203632/aspirin-500-mg-ueberzogene-tabletten.htm|product.stockStatus.available","stockStatus":"","stockStatusReason":"product.stockStatus.available","inStock":true,"pricePerUnit":"","discountInPercent":30,"created":1445163612000,"lastChanged":1598571684000,"ratingsLink":"/produktbewertungen/10203632/aspirin-500-mg-ueberzogene-tabletten.htm","ean":"","RPMultiplier":1,"ribbonText":"","primaryCategory":["Die Online-Apotheke für Deutschland","Die Online-Apotheke für Deutschland/Arzneimittel & weitere Produkte ","Die Online-Apotheke für Deutschland/Arzneimittel & weitere Produkte /Schmerzen","Die Online-Apotheke für Deutschland/Arzneimittel & weitere Produkte /Schmerzen/Fiebersenkende Schmerzmittel"],"topsellerCountBucket":11,"filterAttributes":[],"filterRating":0.12,"packSize":"80 St","variants":[{"id":"10203595","text":"Besonders schnell und effektiv gegen Kopfschmerzen bei guter Verträglichkeit","webDetailPath":"arzneimittel/10203595/aspirin-500-mg-ueberzogene-tabletten.htm","stock":"product.stockStatus.available","active":true,"discount":"32","retailPrice":"242","listPrice":"354","packSize":"8 St","nowProductGroup":"sameday_nextday","attributes":["apothekenpflichtig","Arzneimittel"],"productName":"Aspirin® 500 mg überzogene Tabletten ","pricePerUnit":"","imageUrl":"https://cdn.shop-apotheke.com/images/aspirin-500-mg-ueberzogene-tabletten-ueberzogene-tabletten-D10203595-p1.jpg","pharmaForm":"Überzogene Tabletten","ribbonText":"","RPMultiplier":"1"},{"id":"10203603","text":"Besonders schnell und effektiv gegen Kopfschmerzen bei guter Verträglichkeit","webDetailPath":"arzneimittel/10203603/aspirin-500-mg-ueberzogene-tabletten.htm","stock":"product.stockStatus.available","active":false,"discount":"34","retailPrice":"476","listPrice":"719","packSize":"20 St","nowProductGroup":"sameday_nextday","attributes":["apothekenpflichtig","Arzneimittel"],"productName":"Aspirin® 500 mg überzogene Tabletten","pricePerUnit":"","imageUrl":"https://cdn.shop-apotheke.com/images/aspirin-500-mg-ueberzogene-tabletten-ueberzogene-tabletten-D10203603-p1.jpg","pharmaForm":"Überzogene Tabletten","ribbonText":"","RPMultiplier":"1"},{"id":"10203626","text":"Besonders schnell und effektiv gegen Kopfschmerzen bei guter Verträglichkeit","webDetailPath":"arzneimittel/10203626/aspirin-500-mg-ueberzogene-tabletten.htm","stock":"product.stockStatus.available","active":false,"discount":"33","retailPrice":"778","listPrice":"1167","packSize":"40 St","nowProductGroup":"nextday","attributes":["apothekenpflichtig","Arzneimittel"],"productName":"Aspirin® 500 mg überzogene Tabletten","pricePerUnit":"","imageUrl":"https://cdn.shop-apotheke.com/images/aspirin-500-mg-ueberzogene-tabletten-ueberzogene-tabletten-D10203626-p1.jpg","pharmaForm":"Überzogene Tabletten","ribbonText":"","RPMultiplier":"1"},{"id":"10203632","text":"Besonders schnell und effektiv gegen Kopfschmerzen bei guter Verträglichkeit","webDetailPath":"arzneimittel/10203632/aspirin-500-mg-ueberzogene-tabletten.htm","stock":"product.stockStatus.available","active":false,"discount":"30","retailPrice":"1359","listPrice":"1949","packSize":"80 St","nowProductGroup":"nextday","attributes":["apothekenpflichtig","Arzneimittel"],"productName":"Aspirin® 500 mg überzogene Tabletten","pricePerUnit":"","imageUrl":"https://cdn.shop-apotheke.com/images/aspirin-500-mg-ueberzogene-tabletten-ueberzogene-tabletten-D10203632-p1.jpg","pharmaForm":"Überzogene Tabletten","ribbonText":"","RPMultiplier":"1"}],"master":false,"marketplace":true,"nowProductGroup":"nextday","notOnStockMessage":"","stockStatusColor":"green","categoryCodes":["csd00001","csd00269","csd00275","csd00282","csd00061","csd01059","root","catalogs","main","themeshop","csd01416","csd02394","csd02396","csd01434","csd02271","csd02859","csd02862","landingpages","csd03040","csd03273","csd03339","csd03341","csd03475","csd03476","csd03647","csd03648","csd03716","csd03939","csd03995","csd03997"],"prices":{"listPrice":{"amount":19.49,"net":16.8,"currency":"EUR","info":{"index":1,"text":"AVP / UVP"}},"retailPrice":{"amount":13.59,"net":11.72,"currency":"EUR","info":{"index":1,"text":"AVP / UVP"}}},"calculatedRatingRanking":4.06,"objectID":"10203632","_highlightResult":{"activeSubstances":[{"value":"<ais-highlight-0000000000>A</ais-highlight-0000000000>cetylsalicylsäure","matchLevel":"full","fullyHighlighted":false,"matchedWords":["a"]}]},"_rankingInfo":{"nbTypos":0,"firstMatchedWord":0,"proximityDistance":0,"userScore":158,"geoDistance":0,"geoPrecision":1,"nbExactWords":0,"words":1,"filters":1,"personalization":{"score":0,"rankingScore":0,"filtersScore":0,"textualRelevanceBucket":1,"initialPosition":142,"newPosition":142}}},{"brandCode":"csd2853","pzn":"04906588","productName":"KORODIN® Herz Kreislauf Tropfen","secondaryCategories":["Pflanzlich","Herz & Kreislauf","Black Friday®","30% und mehr","UNSERE ADVENTS-ÜBERASCHUNG EXKLUSIV FÜR UNSERE BESTEN KUNDEN.","Advent 2","Landingpages","SHOP APOTHEKE NOW!"],"manufacturer":"ROBUGEN GmbH Pharmazeutische Fabrik","pharmaForm":"Flüssigkeit zum Einnehmen","brand":"Korodin","brandIntern":"KORODIN®","subBrandIntern":"","activeSubstances":["D-Campher","Weißdorn-Beeren-Fluidextrakt (1:1,3-1,5); Auszugsmittel: Ethanol 93% (V/V)"],"additiveSubstances":["Levomenthol","Ethanol 60% (V/V)"],"additiveSubstancesHtml":"<ul><li>Levomenthol</li><li>Ethanol 60% (V/V)</li></ul>","descriptionShort":"Bei  Herz- und Kreislaufstörungen","keywords":[],"unit":"ml","unitQuantityString":"40","masterID":"04251590","indicationRanges":["Herzwirksame Pharmaka","Phytopharmaka","Crataegushaltig, herzglykosidfrei"],"ratingCount":137,"averageRating":4.88,"attributes":["apothekenpflichtig","pflanzlich","Arzneimittel"],"prescriptionMedicine":false,"price":1255,"listPrice":1506,"netRetailPrice":1082,"priceFormatted":"€ 12,55","listPriceFormatted":"€ 15,06","potency":"","ifap":"Das Präparat enthält als Wirkstoff eine Kombination aus D-Campher und Weißdornfrüchte-Extrakt. Das Arzneimittel wird angewendet bei Schwindelanfälligkeit infolge niedrigen Blutdrucks, insbesondere beim Aufstehen nach dem Liegen, Bücken oder längerem Sitzen (hypotone und orthostatische Kreislaufregulationsstörungen).","image":"https://cdn.shop-apotheke.com/images/korodin-herz-kreislauf-tropfen-fluessigkeit-zum-einnehmen-D04906588-p1.jpg","hasImage":true,"deeplink":"arzneimittel/4906588/korodin-herz-kreislauf-tropfen.htm","applicablePromotions":"","variantDetails":"04251590|04906588|17|40 ml|1255|arzneimittel/4906588/korodin-herz-kreislauf-tropfen.htm|product.stockStatus.available","stockStatus":"","stockStatusReason":"product.stockStatus.available","inStock":true,"pricePerUnit":"31,38 € / 100 ml","discountInPercent":17,"created":1445169944000,"lastChanged":1598578397000,"ratingsLink":"/produktbewertungen/4906588/korodin-herz-kreislauf-tropfen.htm","ean":"","RPMultiplier":1,"ribbonText":"","primaryCategory":["Die Online-Apotheke für Deutschland","Die Online-Apotheke für Deutschland/Arzneimittel & weitere Produkte ","Die Online-Apotheke für Deutschland/Arzneimittel & weitere Produkte /Herz, Kreislauf & Gefäße","Die Online-Apotheke für Deutschland/Arzneimittel & weitere Produkte /Herz, Kreislauf & Gefäße/Herzstärkung"],"topsellerCountBucket":11,"filterAttributes":["pflanzlich"],"filterRating":0.12,"packSize":"40 ml","variants":[{"id":"04251590","text":"Bei Herz-und Kreislaufstörungen","webDetailPath":"arzneimittel/4251590/korodin-herz-kreislauf-tropfen.htm","stock":"product.stockStatus.available","active":true,"discount":"9","retailPrice":"577","listPrice":"633","packSize":"10 ml","nowProductGroup":"sameday_nextday","attributes":["apothekenpflichtig","pflanzlich","Arzneimittel"],"productName":"Korodin Herz Kreislauf Tropfen","pricePerUnit":"57,70 € / 100 ml","imageUrl":"https://cdn.shop-apotheke.com/images/korodin-herz-kreislauf-tropfen-fluessigkeit-zum-einnehmen-D04251590-p1.jpg","pharmaForm":"Flüssigkeit zum Einnehmen","ribbonText":"","RPMultiplier":"1"},{"id":"04906588","text":"Bei  Herz- und Kreislaufstörungen","webDetailPath":"arzneimittel/4906588/korodin-herz-kreislauf-tropfen.htm","stock":"product.stockStatus.available","active":false,"discount":"17","retailPrice":"1255","listPrice":"1506","packSize":"40 ml","nowProductGroup":"sameday_nextday","attributes":["apothekenpflichtig","pflanzlich","Arzneimittel"],"productName":"KORODIN® Herz Kreislauf Tropfen","pricePerUnit":"31,38 € / 100 ml","imageUrl":"https://cdn.shop-apotheke.com/images/korodin-herz-kreislauf-tropfen-fluessigkeit-zum-einnehmen-D04906588-p1.jpg","pharmaForm":"Flüssigkeit zum Einnehmen","ribbonText":"","RPMultiplier":"1"},{"id":"04251615","text":"Bei  Herz- und Kreislaufstörungen","webDetailPath":"arzneimittel/4251615/korodin-herz-kreislauf-tropfen.htm","stock":"product.stockStatus.available","active":false,"discount":"20","retailPrice":"2334","listPrice":"2920","packSize":"100 ml","nowProductGroup":"sameday_nextday","attributes":["apothekenpflichtig","pflanzlich","Arzneimittel"],"productName":"KORODIN® Herz Kreislauf Tropfen","pricePerUnit":"23,34 € / 100 ml","imageUrl":"https://cdn.shop-apotheke.com/images/korodin-herz-kreislauf-tropfen-fluessigkeit-zum-einnehmen-D04251615-p1.jpg","pharmaForm":"Flüssigkeit zum Einnehmen","ribbonText":"","RPMultiplier":"1"}],"master":false,"marketplace":true,"nowProductGroup":"sameday_nextday","notOnStockMessage":"","stockStatusColor":"green","categoryCodes":["csd00001","csd00175","csd00180","csd00850","csd00851","csd00884","csd00895","csd01434","csd02271","csd02859","root","catalogs","main","landingpages","csd03339","csd03646","csd03643"],"prices":{"listPrice":{"amount":15.06,"net":12.98,"currency":"EUR","info":{"index":1,"text":"AVP / UVP"}},"retailPrice":{"amount":12.55,"net":10.82,"currency":"EUR","info":{"index":1,"text":"AVP / UVP"}}},"calculatedRatingRanking":4.24,"objectID":"04906588","_highlightResult":{"activeSubstances":[{"value":"D-Campher","matchLevel":"none","matchedWords":[]},{"value":"Weißdorn-Beeren-Fluidextrakt (1:1,3-1,5); <ais-highlight-0000000000>A</ais-highlight-0000000000>uszugsmittel: Ethanol 93% (V/V)","matchLevel":"full","fullyHighlighted":false,"matchedWords":["a"]}]},"_rankingInfo":{"nbTypos":0,"firstMatchedWord":0,"proximityDistance":0,"userScore":157,"geoDistance":0,"geoPrecision":1,"nbExactWords":0,"words":1,"filters":1,"personalization":{"score":0,"rankingScore":0,"filtersScore":0,"textualRelevanceBucket":1,"initialPosition":143,"newPosition":143}}},{"brandCode":"csd2686","pzn":"08586005","productName":"Prospan® Hustensaft","secondaryCategories":["Ratgeber","Reizhusten oder Hustenstiller","Black Friday®","30% und mehr","Baby- & Kindergesundheit","Erkältung, Schmerzen & Fieber","Landingpages","Flash Deal Erkaeltung","Black Friday®","Erkältungs-Produkte","UNSERE ADVENTS-ÜBERASCHUNG EXKLUSIV FÜR UNSERE BESTEN KUNDEN.","Advent 3","UNSERE ADVENTS-ÜBERASCHUNG EXKLUSIV FÜR UNSERE BESTEN KUNDEN.","Advent 2","Landingpages","Ihre Adventsknüller am Samstag","Erkältung & Grippe","Hustenlöser","Landingpages","Top 100"],"manufacturer":"Engelhard Arzneimittel GmbH & Co.KG","pharmaForm":"Flüssigkeit zum Einnehmen","brand":"Prospan","brandIntern":"Prospan®","subBrandIntern":"","activeSubstances":["Efeublätter-Trockenextrakt (5-7,5:1); Auszugsmittel: Ethanol 30% (m/m)"],"additiveSubstances":["Aromastoffe, natürlich, naturidentisch","Xanthan gummi","Wasser, gereinigtes","Citronensäure","Kalium sorbat","Sorbitol-Lösung 70% (kristallisierend)"],"additiveSubstancesHtml":"<ul><li>Aromastoffe, natürlich, naturidentisch</li><li>Xanthan gummi</li><li>Wasser, gereinigtes</li><li>Citronensäure</li><li>Kalium sorbat</li><li>Sorbitol-Lösung 70% (kristallisierend)</li></ul>","descriptionShort":"Bei chronisch-entzündlichen Bronchialerkrankungen, mit Kirsch-Geschmack","keywords":[],"unit":"ml","unitQuantityString":"200","masterID":"08585997","indicationRanges":["Atemwegskrankheiten und grippale Infekte","Phytopharmaka","Expektorantien"],"ratingCount":153,"averageRating":4.87,"attributes":["apothekenpflichtig","pflanzlich","Arzneimittel"],"prescriptionMedicine":false,"price":889,"listPrice":1282,"netRetailPrice":766,"priceFormatted":"€ 8,89","listPriceFormatted":"€ 12,82","potency":"","ifap":"Pflanzliches Arzneimittel bei katarrhalischen Erkrankungen der Atemwege. Das Arzneimittel wird angewendet zur Besserung der Beschwerden bei chronisch-entzündlichen Bronchialerkrankungen; akute Entzündungen der Atemwege mit der Begleiterscheinung Husten. Hinweis:Bei länger anhaltenden Beschwerden oder bei Auftreten von Atemnot, Fieber wie auch bei eitrigem oder blutigem Auswurf, sollte umgehend der Arzt aufgesucht werden.","image":"https://cdn.shop-apotheke.com/images/prospan-hustensaft-fluessigkeit-zum-einnehmen-D08586005-p1.jpg","hasImage":true,"deeplink":"arzneimittel/8586005/prospan-hustensaft.htm","applicablePromotions":"","variantDetails":"08585997|08586005|31|200 ml|889|arzneimittel/8586005/prospan-hustensaft.htm|product.stockStatus.available","stockStatus":"","stockStatusReason":"product.stockStatus.available","inStock":true,"pricePerUnit":"4,45 € / 100 ml","discountInPercent":31,"created":1445175637000,"lastChanged":1598571112000,"ratingsLink":"/produktbewertungen/8586005/prospan-hustensaft.htm","ean":"","RPMultiplier":1,"ribbonText":"","primaryCategory":["Die Online-Apotheke für Deutschland","Die Online-Apotheke für Deutschland/Homöopathie & Naturprodukte","Die Online-Apotheke für Deutschland/Homöopathie & Naturprodukte/Anwendungsgebiete","Die Online-Apotheke für Deutschland/Homöopathie & Naturprodukte/Anwendungsgebiete/Pflanzlich","Die Online-Apotheke für Deutschland/Homöopathie & Naturprodukte/Anwendungsgebiete/Pflanzlich/Hustenlöser"],"topsellerCountBucket":11,"filterAttributes":["pflanzlich"],"filterRating":0.13,"packSize":"200 ml","variants":[{"id":"08585997","text":"Bei chronisch-entzündlichen Bronchialerkrankungen, mit Kirsch-Geschmack","webDetailPath":"arzneimittel/8585997/prospan-hustensaft.htm","stock":"product.stockStatus.available","active":true,"discount":"33","retailPrice":"521","listPrice":"777","packSize":"100 ml","nowProductGroup":"nextday","attributes":["apothekenpflichtig","pflanzlich","Arzneimittel"],"productName":"Prospan® Hustensaft","pricePerUnit":"5,21 € / 100 ml","imageUrl":"https://cdn.shop-apotheke.com/images/prospan-hustensaft-fluessigkeit-zum-einnehmen-D08585997-p1.jpg","pharmaForm":"Flüssigkeit zum Einnehmen","ribbonText":"","RPMultiplier":"1"},{"id":"08586005","text":"Bei chronisch-entzündlichen Bronchialerkrankungen, mit Kirsch-Geschmack","webDetailPath":"arzneimittel/8586005/prospan-hustensaft.htm","stock":"product.stockStatus.available","active":false,"discount":"31","retailPrice":"889","listPrice":"1282","packSize":"200 ml","nowProductGroup":"sameday_nextday","attributes":["apothekenpflichtig","pflanzlich","Arzneimittel"],"productName":"Prospan® Hustensaft","pricePerUnit":"4,45 € / 100 ml","imageUrl":"https://cdn.shop-apotheke.com/images/prospan-hustensaft-fluessigkeit-zum-einnehmen-D08586005-p1.jpg","pharmaForm":"Flüssigkeit zum Einnehmen","ribbonText":"","RPMultiplier":"1"}],"master":false,"marketplace":false,"nowProductGroup":"sameday_nextday","notOnStockMessage":"","stockStatusColor":"green","categoryCodes":["csd00850","csd00851","csd00884","csd00896","csd00001","csd00061","csd00066","csd00362","csd02667","csd00372","csd00374","root","catalogs","main","themeshop","csd01323","csd01434","csd02271","csd02859","csd02862","landingpages","csd03040","csd03524","csd03574","csd03646","csd03643","csd03644"],"prices":{"listPrice":{"amount":12.82,"net":11.05,"currency":"EUR","info":{"index":1,"text":"AVP / UVP"}},"retailPrice":{"amount":8.89,"net":7.66,"currency":"EUR","info":{"index":1,"text":"AVP / UVP"}}},"calculatedRatingRanking":4.29,"objectID":"08586005","_highlightResult":{"activeSubstances":[{"value":"Efeublätter-Trockenextrakt (5-7,5:1); <ais-highlight-0000000000>A</ais-highlight-0000000000>uszugsmittel: Ethanol 30% (m/m)","matchLevel":"full","fullyHighlighted":false,"matchedWords":["a"]}]},"_rankingInfo":{"nbTypos":0,"firstMatchedWord":0,"proximityDistance":0,"userScore":156,"geoDistance":0,"geoPrecision":1,"nbExactWords":0,"words":1,"filters":1,"personalization":{"score":0,"rankingScore":0,"filtersScore":0,"textualRelevanceBucket":1,"initialPosition":144,"newPosition":144}}},{"brandCode":"csd2773","pzn":"03441644","productName":"Unizink® 50 Tabletten","secondaryCategories":["Erkältung & Grippe","Immunstärkung","Ratgeber","Zinkmangel","Sportlernährstoffe","Zink"],"manufacturer":"Köhler Pharma GmbH","pharmaForm":"Tabletten magensaftresistent","brand":"Unizink 50","brandIntern":"kvp","subBrandIntern":"Unizink®","activeSubstances":["Zinkbis(hydrogen-DL-aspartat)"],"additiveSubstances":["Magnesium stearat","Croscarmellose natrium","Triethylcitrat","Eudragit® E 12,5","Glycerol(mono/di/tri)alkanoat(C14-C18) (15:12:73)","Cellulose, mikrokristalline","Methacrylsäure-Ethylacrylat-Copolymer (1:1) Dispersion 30%","Eudragit® L 12,5","Macrogol 6000","Sorbitol","Titandioxid","Talkum"],"additiveSubstancesHtml":"<ul><li>Magnesium stearat</li><li>Croscarmellose natrium</li><li>Triethylcitrat</li><li>Eudragit® E 12,5</li><li>Glycerol(mono/di/tri)alkanoat(C14-C18) (15:12:73)</li><li>Cellulose, mikrokristalline</li><li>Methacrylsäure-Ethylacrylat-Copolymer (1:1) Dispersion 30%</li><li>Eudragit® L 12,5</li><li>Macrogol 6000</li><li>Sorbitol</li><li>Titandioxid</li><li>Talkum</li></ul>","descriptionShort":"Zink, Zinkmangel: Jetzt Immunsystem stärken bei Zinkmangel","keywords":["Unizink","ersteAbwehr","Immunsystem","Abwehrkräfte"],"unit":"St","unitQuantityString":"10X50","masterID":"00702162","indicationRanges":["Mineralstoffe (Therapie und Substitution)","Verschiedene Mineralstoff-Präparate","Zink-Präparate"],"ratingCount":116,"averageRating":4.87,"attributes":["apothekenpflichtig","Arzneimittel"],"prescriptionMedicine":false,"price":7904,"listPrice":9300,"netRetailPrice":6814,"priceFormatted":"€ 79,04","listPriceFormatted":"€ 93,00","potency":"","ifap":"Zur Behandlung von Zinkmangelzuständen, die ernährungsmäßig nicht behoben werden können.","image":"https://cdn.shop-apotheke.com/images/unizink-50-tabletten-tabletten-magensaftresistent-D03441644-p1.jpg","hasImage":true,"deeplink":"arzneimittel/3441644/unizink-50-tabletten.htm","applicablePromotions":"","variantDetails":"00702162|03441644|15|10X50 St|7904|arzneimittel/3441644/unizink-50-tabletten.htm|product.stockStatus.available","stockStatus":"","stockStatusReason":"product.stockStatus.available","inStock":true,"pricePerUnit":"","discountInPercent":15,"created":1445168747000,"lastChanged":1598569512000,"ratingsLink":"/produktbewertungen/3441644/unizink-50-tabletten.htm","ean":"","RPMultiplier":1,"ribbonText":"","primaryCategory":["Die Online-Apotheke für Deutschland","Die Online-Apotheke für Deutschland/Arzneimittel & weitere Produkte ","Die Online-Apotheke für Deutschland/Arzneimittel & weitere Produkte /Vitamine & Mineralstoffe","Die Online-Apotheke für Deutschland/Arzneimittel & weitere Produkte /Vitamine & Mineralstoffe/Mineralstoffe & Spurenelemente","Die Online-Apotheke für Deutschland/Arzneimittel & weitere Produkte /Vitamine & Mineralstoffe/Mineralstoffe & Spurenelemente/Zink"],"topsellerCountBucket":11,"filterAttributes":[],"filterRating":0.13,"packSize":"10X50 St","variants":[{"id":"00702162","text":"Zink, Zinkmangel: Jetzt Immunsystem stärken bei Zinkmangel","webDetailPath":"arzneimittel/702162/unizink-50-tabletten.htm","stock":"product.stockStatus.available","active":true,"discount":"32","retailPrice":"391","listPrice":"575","packSize":"20 St","nowProductGroup":"sameday_nextday","attributes":["apothekenpflichtig","Arzneimittel"],"productName":"Unizink® 50 Tabletten","pricePerUnit":"","imageUrl":"https://cdn.shop-apotheke.com/images/unizink-50-tabletten-tabletten-magensaftresistent-D00702162-p10.jpg","pharmaForm":"Tabletten magensaftresistent","ribbonText":"","RPMultiplier":"1"},{"id":"03441621","text":"Zink, Zinkmangel: Jetzt Immunsystem stärken bei Zinkmangel","webDetailPath":"arzneimittel/3441621/unizink-50-tabletten.htm","stock":"product.stockStatus.available","active":false,"discount":"32","retailPrice":"806","listPrice":"1189","packSize":"50 St","nowProductGroup":"sameday_nextday","attributes":["apothekenpflichtig","Arzneimittel"],"productName":"Unizink® 50 Tabletten","pricePerUnit":"","imageUrl":"https://cdn.shop-apotheke.com/images/unizink-50-tabletten-tabletten-magensaftresistent-D03441621-p1.jpg","pharmaForm":"Tabletten magensaftresistent","ribbonText":"","RPMultiplier":"1"},{"id":"03441644","text":"Zink, Zinkmangel: Jetzt Immunsystem stärken bei Zinkmangel","webDetailPath":"arzneimittel/3441644/unizink-50-tabletten.htm","stock":"product.stockStatus.available","active":false,"discount":"15","retailPrice":"7904","listPrice":"9300","packSize":"10X50 St","nowProductGroup":"none","attributes":["apothekenpflichtig","Arzneimittel"],"productName":"Unizink® 50 Tabletten","pricePerUnit":"","imageUrl":"https://cdn.shop-apotheke.com/images/unizink-50-tabletten-tabletten-magensaftresistent-D03441644-p1.jpg","pharmaForm":"Tabletten magensaftresistent","ribbonText":"","RPMultiplier":"1"},{"id":"03441638","text":"Zink, Zinkmangel: Jetzt Immunsystem stärken bei Zinkmangel","webDetailPath":"arzneimittel/3441638/unizink-50-tabletten.htm","stock":"product.stockStatus.available","active":false,"discount":"32","retailPrice":"1391","listPrice":"2043","packSize":"100 St","nowProductGroup":"nextday","attributes":["apothekenpflichtig","Arzneimittel"],"productName":"Unizink® 50 Tabletten","pricePerUnit":"","imageUrl":"https://cdn.shop-apotheke.com/images/unizink-50-tabletten-tabletten-magensaftresistent-D03441638-p1.jpg","pharmaForm":"Tabletten magensaftresistent","ribbonText":"","RPMultiplier":"1"}],"master":false,"marketplace":false,"nowProductGroup":"none","notOnStockMessage":"","stockStatusColor":"green","categoryCodes":["csd00001","csd00324","csd00328","csd00338","csd00061","csd01049","root","catalogs","main","themeshop","csd02431","csd03575","csd00283","csd03623","csd03632"],"prices":{"listPrice":{"amount":93,"net":80.17,"currency":"EUR","info":{"index":1,"text":"AVP / UVP"}},"retailPrice":{"amount":79.04,"net":68.14,"currency":"EUR","info":{"index":1,"text":"AVP / UVP"}}},"calculatedRatingRanking":4.16,"objectID":"03441644","_highlightResult":{"activeSubstances":[{"value":"Zinkbis(hydrogen-DL-<ais-highlight-0000000000>a</ais-highlight-0000000000>spartat)","matchLevel":"full","fullyHighlighted":false,"matchedWords":["a"]}]},"_rankingInfo":{"nbTypos":0,"firstMatchedWord":0,"proximityDistance":0,"userScore":155,"geoDistance":0,"geoPrecision":1,"nbExactWords":0,"words":1,"filters":1,"personalization":{"score":0,"rankingScore":0,"filtersScore":0,"textualRelevanceBucket":1,"initialPosition":145,"newPosition":145}}},{"brandCode":"csd2556","pzn":"01939446","productName":"Lopedium® akut 2 mg","secondaryCategories":["HEXAL","Magen, Darm","Landingpages","Topseller Reiseapotheke","Black Friday®","40% und mehr","Landingpages","Unsere Top-Produkte","Landingpages","Topseller","Black Friday®","Wohl durch den Winter","Landingpages","40 Reiseknüller","Landingpages","Weltgesundheitstag: Hausapotheke","Landingpages","SHOP APOTHEKE NOW!","Landingpages","Mai Aktion","Landingpages","Mai Kracher","Healthy Deals","Healthy Deals Gutes Bauchgefühl","Landingpages","Healthy Deals App-Angebote","Healthy Deals","RedPoints-Aktion"],"manufacturer":"Hexal AG","pharmaForm":"Hartkapseln","brand":"Lopedium","brandIntern":"HEXAL®","subBrandIntern":"Lopedium®","activeSubstances":["Loperamid hydrochlorid"],"additiveSubstances":["Patentblau V","Eisen(II,III)-oxid","Eisen(III)-oxidhydrat, schwarz","Magnesium stearat (pflanzlich)","Gelatine","Maisstärke","Lactose-1-Wasser","Titandioxid","Talkum"],"additiveSubstancesHtml":"<ul><li>Patentblau V</li><li>Eisen(II,III)-oxid</li><li>Eisen(III)-oxidhydrat, schwarz</li><li>Magnesium stearat (pflanzlich)</li><li>Gelatine</li><li>Maisstärke</li><li>Lactose-1-Wasser</li><li>Titandioxid</li><li>Talkum</li></ul>","descriptionShort":"Bei akutem Durchfall","keywords":["wässrigerStuhlgang","flüssigerStuhlgang","Reizdarm","Durchfallmittel","durchfall"],"unit":"St","unitQuantityString":"10","masterID":"01939446","indicationRanges":["Magen-Darm-wirksame Pharmaka","Motilitätsbeeinflussende Mittel","Motilitätshemmende"],"ratingCount":78,"averageRating":4.87,"attributes":["apothekenpflichtig","Arzneimittel"],"prescriptionMedicine":false,"price":240,"listPrice":452,"netRetailPrice":207,"priceFormatted":"€ 2,40","listPriceFormatted":"€ 4,52","potency":"","ifap":"Das Arzneimittel enthält den Wirkstoff Loperamidhydrochlorid. Loperamidhydrochlorid ist ein Mittel gegen Durchfall. Zur symptomatischen Behandlung von akuten Durchfällen für Jugendliche ab 12 Jahren und Erwachsene, sofern keine ursächliche Therapie zur Verfügung steht. Eine über 2 Tage hinausgehende Behandlung mit Loperamid darf nur unter ärztlicher Verordnung und Verlaufsbeobachtung erfolgen.","image":"https://cdn.shop-apotheke.com/images/lopedium-akut-2-mg-hartkapseln-D01939446-p1.jpg","hasImage":true,"deeplink":"arzneimittel/1939446/lopedium-akut-2-mg.htm","applicablePromotions":"","variantDetails":"01939446|01939446|47|10 St|240|arzneimittel/1939446/lopedium-akut-2-mg.htm|product.stockStatus.available","stockStatus":"","stockStatusReason":"product.stockStatus.available","inStock":true,"pricePerUnit":"","discountInPercent":47,"created":1445169028000,"lastChanged":1598578999000,"ratingsLink":"/produktbewertungen/1939446/lopedium-akut-2-mg.htm","ean":"","RPMultiplier":1,"ribbonText":"","primaryCategory":["Die Online-Apotheke für Deutschland","Die Online-Apotheke für Deutschland/Arzneimittel & weitere Produkte ","Die Online-Apotheke für Deutschland/Arzneimittel & weitere Produkte /Magen & Darm","Die Online-Apotheke für Deutschland/Arzneimittel & weitere Produkte /Magen & Darm/Durchfall & Elektrolytersatz"],"topsellerCountBucket":11,"filterAttributes":[],"filterRating":0.13,"packSize":"10 St","variants":[{"id":"01939446","text":"Bei akutem Durchfall","webDetailPath":"arzneimittel/1939446/lopedium-akut-2-mg.htm","stock":"product.stockStatus.available","active":true,"discount":"47","retailPrice":"240","listPrice":"452","packSize":"10 St","nowProductGroup":"sameday_nextday","attributes":["apothekenpflichtig","Arzneimittel"],"productName":"Lopedium® akut 2 mg","pricePerUnit":"","imageUrl":"https://cdn.shop-apotheke.com/images/lopedium-akut-2-mg-hartkapseln-D01939446-p1.jpg","pharmaForm":"Hartkapseln","ribbonText":"","RPMultiplier":"1"}],"master":true,"marketplace":true,"nowProductGroup":"sameday_nextday","notOnStockMessage":"","stockStatusColor":"green","categoryCodes":["csd00001","csd00219","csd00222","csd01434","csd02271","csd02272","root","catalogs","main","landingpages","csd03039","csd02968","csd03288","csd03339","csd03461","csd03506","csd03568","csd03648","csd03668","csd03743","csd03939","csd03995","csd03997","brandshop","csd2110","csd2120"],"prices":{"listPrice":{"amount":4.52,"net":3.9,"currency":"EUR","info":{"index":1,"text":"AVP / UVP"}},"retailPrice":{"amount":2.4,"net":2.07,"currency":"EUR","info":{"index":1,"text":"AVP / UVP"}}},"calculatedRatingRanking":3.94,"objectID":"01939446","_highlightResult":{"activeSubstances":[{"value":"Loperamid hydrochlorid","matchLevel":"none","matchedWords":[]}]},"_rankingInfo":{"nbTypos":0,"firstMatchedWord":0,"proximityDistance":0,"userScore":154,"geoDistance":0,"geoPrecision":1,"nbExactWords":0,"words":1,"filters":1,"personalization":{"score":0,"rankingScore":0,"filtersScore":0,"textualRelevanceBucket":1,"initialPosition":146,"newPosition":146}}},{"brandCode":"csd2188","pzn":"06197481","productName":"ACC® akut 600 mg Hustenlöser, Brausetabletten","secondaryCategories":["HEXAL","Erkältung, Fieber, Schmerzen","Ratgeber","Hustenlöser","Black Friday®","Erkältungs-Produkte","Landingpages","SHOP APOTHEKE NOW!","Healthy Deals","Healthy Deals Reiseapotheke","Landingpages","Healthy Deals App-Angebote"],"manufacturer":"Hexal AG","pharmaForm":"Brausetabletten","brand":"ACC® akut 600","brandIntern":"HEXAL®","subBrandIntern":"ACC®","activeSubstances":["Acetylcystein"],"additiveSubstances":["Brombeer-Aroma","Saccharin natrium","Mannitol","Ascorbinsäure","Natriumcarbonat","Natriumcitrat-2-Wasser","Natriumhydrogencarbonat","Citronensäure","Lactose","Natrium cyclamat"],"additiveSubstancesHtml":"<ul><li>Brombeer-Aroma</li><li>Saccharin natrium</li><li>Mannitol</li><li>Ascorbinsäure</li><li>Natriumcarbonat</li><li>Natriumcitrat-2-Wasser</li><li>Natriumhydrogencarbonat</li><li>Citronensäure</li><li>Lactose</li><li>Natrium cyclamat</li></ul>","descriptionShort":"Zur Schleimlösung und zum erleichterten Abhusten","keywords":["husten","starkerhusten","erkältung","hustenstiller"],"unit":"St","unitQuantityString":"10","masterID":"06197481","indicationRanges":["Atemwegskrankheiten und grippale Infekte","Antitussiva/ Expektorantien","Expektorantien (Monopräparate)"],"ratingCount":347,"averageRating":4.86,"attributes":["apothekenpflichtig","Arzneimittel"],"prescriptionMedicine":false,"price":566,"listPrice":923,"netRetailPrice":488,"priceFormatted":"€ 5,66","listPriceFormatted":"€ 9,23","potency":"","ifap":"Das Präparat ist ein Arzneimittel zur Verflüssigung zähen Schleims in den Atemwegen. Das Arzneimittel wird angewendetzur Schleimlösung und zum erleichterten Abhusten bei Atemwegserkrankungen mit zähem Schleim.","image":"https://cdn.shop-apotheke.com/images/acc-akut-600-mg-hustenloeser-brausetabletten-brausetabletten-D06197481-p1.jpg","hasImage":true,"deeplink":"arzneimittel/6197481/acc-akut-600-mg-hustenloeser-brausetabletten.htm","applicablePromotions":"","variantDetails":"06197481|06197481|39|10 St|566|arzneimittel/6197481/acc-akut-600-mg-hustenloeser-brausetabletten.htm|product.stockStatus.available","stockStatus":"","stockStatusReason":"product.stockStatus.available","inStock":true,"pricePerUnit":"","discountInPercent":39,"created":1445164834000,"lastChanged":1598570199000,"ratingsLink":"/produktbewertungen/6197481/acc-akut-600-mg-hustenloeser-brausetabletten.htm","ean":"","RPMultiplier":1,"ribbonText":"","primaryCategory":["Die Online-Apotheke für Deutschland","Die Online-Apotheke für Deutschland/Arzneimittel & weitere Produkte ","Die Online-Apotheke für Deutschland/Arzneimittel & weitere Produkte /Erkältung & Grippe","Die Online-Apotheke für Deutschland/Arzneimittel & weitere Produkte /Erkältung & Grippe/Hustenlöser"],"topsellerCountBucket":11,"filterAttributes":[],"filterRating":0.14,"packSize":"10 St","variants":[{"id":"06197481","text":"Zur Schleimlösung und zum erleichterten Abhusten","webDetailPath":"arzneimittel/6197481/acc-akut-600-mg-hustenloeser-brausetabletten.htm","stock":"product.stockStatus.available","active":true,"discount":"39","retailPrice":"566","listPrice":"923","packSize":"10 St","nowProductGroup":"sameday_nextday","attributes":["apothekenpflichtig","Arzneimittel"],"productName":"ACC® akut 600 mg Hustenlöser, Brausetabletten","pricePerUnit":"","imageUrl":"https://cdn.shop-apotheke.com/images/acc-akut-600-mg-hustenloeser-brausetabletten-brausetabletten-D06197481-p1.jpg","pharmaForm":"Brausetabletten","ribbonText":"","RPMultiplier":"1"},{"id":"00010808","text":"Zur Schleimlösung und zum erleichterten Abhusten","webDetailPath":"arzneimittel/10808/acc-akut-600-mg-hustenloeser-brausetabletten.htm","stock":"product.stockStatus.available","active":false,"discount":"35","retailPrice":"978","listPrice":"1510","packSize":"20 St","nowProductGroup":"sameday_nextday","attributes":["apothekenpflichtig","Arzneimittel"],"productName":"ACC® akut 600 mg Hustenlöser, Brausetabletten","pricePerUnit":"","imageUrl":"https://cdn.shop-apotheke.com/images/acc-akut-600-mg-hustenloeser-brausetabletten-brausetabletten-D00010808-p1.jpg","pharmaForm":"Brausetabletten","ribbonText":"","RPMultiplier":"1"},{"id":"00520917","text":"Zur Schleimlösung und zum erleichterten Abhusten","webDetailPath":"arzneimittel/520917/acc-akut-600-mg-hustenloeser-brausetabletten.htm","stock":"product.stockStatus.available","active":false,"discount":"34","retailPrice":"1598","listPrice":"2434","packSize":"40 St","nowProductGroup":"nextday","attributes":["apothekenpflichtig","Arzneimittel"],"productName":"ACC® akut 600 mg Hustenlöser, Brausetabletten","pricePerUnit":"","imageUrl":"https://cdn.shop-apotheke.com/images/acc-akut-600-mg-hustenloeser-brausetabletten-brausetabletten-D00520917-p1.jpg","pharmaForm":"Brausetabletten","ribbonText":"","RPMultiplier":"1"}],"master":true,"marketplace":true,"nowProductGroup":"sameday_nextday","notOnStockMessage":"","stockStatusColor":"green","categoryCodes":["csd00001","csd00061","csd00066","root","catalogs","main","themeshop","csd01132","csd01434","csd02271","csd02862","landingpages","csd03339","csd03461","csd02968","csd03569","brandshop","csd2110","csd2115"],"prices":{"listPrice":{"amount":9.23,"net":7.96,"currency":"EUR","info":{"index":1,"text":"AVP / UVP"}},"retailPrice":{"amount":5.66,"net":4.88,"currency":"EUR","info":{"index":1,"text":"AVP / UVP"}}},"calculatedRatingRanking":4.56,"objectID":"06197481","_highlightResult":{"activeSubstances":[{"value":"<ais-highlight-0000000000>A</ais-highlight-0000000000>cetylcystein","matchLevel":"full","fullyHighlighted":false,"matchedWords":["a"]}]},"_rankingInfo":{"nbTypos":0,"firstMatchedWord":0,"proximityDistance":0,"userScore":153,"geoDistance":0,"geoPrecision":1,"nbExactWords":0,"words":1,"filters":1,"personalization":{"score":0,"rankingScore":0,"filtersScore":0,"textualRelevanceBucket":1,"initialPosition":147,"newPosition":147}}},{"brandCode":"csd2832","pzn":"05909531","productName":"Kräuterblut® Floradix® mit Eisen","secondaryCategories":["Schwangerschaft & Stillzeit","Nahrungsergänzungsmittel","Herz, Kreislauf & Gefäße","Konzentration & Leistungsfähigkeit","Sportlernährstoffe","Eisen","Landingpages","SHOP APOTHEKE NOW!"],"manufacturer":"SALUS Pharma GmbH","pharmaForm":"Lösung zum Einnehmen","brand":"Kräuterblut Floradix","brandIntern":"Floradix®","subBrandIntern":"Kräuterblut® ","activeSubstances":["Eisen(II)-D-gluconat-x-Wasser 105,5-116,09 mg"],"additiveSubstances":["Apfelsinen-Aroma","Birnensaft-Konzentrat","Schwarze Johannisbeere-Saftkonzentrat","Hibiscusfruchtkelch-Extrakt; Auszugsmittel: Wasser","Fructosesirup 70%","Angelikawurzel-Extrakt; Auszugsmittel: Wasser","Fenchel-Extrakt; Auszugsmittel: Wasser","Karotten-Extrakt; Auszugsmittel: Wasser","Wacholderbeeren-Extrakt; Auszugsmittel: Wasser","Spitzwegerichkraut-Extrakt; Auszugsmittel: Wasser","Wegwartenwurzel-Extrakt; Auszugsmittel: Wasser","Schachtelhalmkraut-Extrakt; Auszugsmittel: Wasser","Schafgarbenkraut-Extrakt; Auszugsmittel: Wasser","Bitterorangenschalen-Extrakt; Auszugsmittel: Wasser","Queckenwurzelstock-Extrakt; Auszugsmittel: Wasser","Traubensaft-Konzentrat","Brombeersaft-Konzentrat","Ascorbinsäure","Wasser, gereinigtes","Hagebutte-Dickextrakt; Auszugsmittel: Wasser","Kirschfruchtsaft-Konzentrat","Hefe-Autolysat","Bienenhonig"],"additiveSubstancesHtml":"<ul><li>Apfelsinen-Aroma</li><li>Birnensaft-Konzentrat</li><li>Schwarze Johannisbeere-Saftkonzentrat</li><li>Hibiscusfruchtkelch-Extrakt; Auszugsmittel: Wasser</li><li>Fructosesirup 70%</li><li>Angelikawurzel-Extrakt; Auszugsmittel: Wasser</li><li>Fenchel-Extrakt; Auszugsmittel: Wasser</li><li>Karotten-Extrakt; Auszugsmittel: Wasser</li><li>Wacholderbeeren-Extrakt; Auszugsmittel: Wasser</li><li>Spitzwegerichkraut-Extrakt; Auszugsmittel: Wasser</li><li>Wegwartenwurzel-Extrakt; Auszugsmittel: Wasser</li><li>Schachtelhalmkraut-Extrakt; Auszugsmittel: Wasser</li><li>Schafgarbenkraut-Extrakt; Auszugsmittel: Wasser</li><li>Bitterorangenschalen-Extrakt; Auszugsmittel: Wasser</li><li>Queckenwurzelstock-Extrakt; Auszugsmittel: Wasser</li><li>Traubensaft-Konzentrat</li><li>Brombeersaft-Konzentrat</li><li>Ascorbinsäure</li><li>Wasser, gereinigtes</li><li>Hagebutte-Dickextrakt; Auszugsmittel: Wasser</li><li>Kirschfruchtsaft-Konzentrat</li><li>Hefe-Autolysat</li><li>Bienenhonig</li></ul>","descriptionShort":"Mit ausreichend Eisen für spürbar mehr Energie","keywords":["kräuterblutsaft"],"unit":"ml","unitQuantityString":"15","masterID":"05909531","indicationRanges":["Blut und Blutbildung beeinflussende Pharmaka","Antianämika","Eisenverbindungen, peroral"],"ratingCount":146,"averageRating":4.86,"attributes":["Arzneimittel"],"prescriptionMedicine":false,"price":135,"listPrice":145,"netRetailPrice":116,"priceFormatted":"€ 1,35","listPriceFormatted":"€ 1,45","potency":"","ifap":"","image":"https://cdn.shop-apotheke.com/images/kraeuterblut-floradix-mit-eisen-loesung-zum-einnehmen-D05909531-p1.jpg","hasImage":true,"deeplink":"arzneimittel/5909531/kraeuterblut-floradix-mit-eisen.htm","applicablePromotions":"","variantDetails":"05909531|05909531|7|15 ml|135|arzneimittel/5909531/kraeuterblut-floradix-mit-eisen.htm|product.stockStatus.available","stockStatus":"","stockStatusReason":"product.stockStatus.available","inStock":true,"pricePerUnit":"9,00 € / 100 ml","discountInPercent":7,"created":1445172328000,"lastChanged":1598570113000,"ratingsLink":"/produktbewertungen/5909531/kraeuterblut-floradix-mit-eisen.htm","ean":"","RPMultiplier":1,"ribbonText":"","primaryCategory":["Die Online-Apotheke für Deutschland","Die Online-Apotheke für Deutschland/Arzneimittel & weitere Produkte ","Die Online-Apotheke für Deutschland/Arzneimittel & weitere Produkte /Vitamine & Mineralstoffe","Die Online-Apotheke für Deutschland/Arzneimittel & weitere Produkte /Vitamine & Mineralstoffe/Mineralstoffe & Spurenelemente","Die Online-Apotheke für Deutschland/Arzneimittel & weitere Produkte /Vitamine & Mineralstoffe/Mineralstoffe & Spurenelemente/Eisen"],"topsellerCountBucket":11,"filterAttributes":[],"filterRating":0.14,"packSize":"15 ml","variants":[{"id":"05909531","text":"Mit ausreichend Eisen für spürbar mehr Energie","webDetailPath":"arzneimittel/5909531/kraeuterblut-floradix-mit-eisen.htm","stock":"product.stockStatus.available","active":true,"discount":"7","retailPrice":"135","listPrice":"145","packSize":"15 ml","nowProductGroup":"sameday_nextday","attributes":["Arzneimittel"],"productName":"Kräuterblut® Floradix® mit Eisen","pricePerUnit":"9,00 € / 100 ml","imageUrl":"https://cdn.shop-apotheke.com/images/kraeuterblut-floradix-mit-eisen-loesung-zum-einnehmen-D05909531-p1.jpg","pharmaForm":"Lösung zum Einnehmen","ribbonText":"","RPMultiplier":"1"},{"id":"00361784","text":"Mit ausreichend Eisen für spürbar mehr Energie","webDetailPath":"arzneimittel/361784/kraeuterblut-floradix-mit-eisen.htm","stock":"product.stockStatus.available","active":false,"discount":"20","retailPrice":"817","listPrice":"1023","packSize":"250 ml","nowProductGroup":"sameday_nextday","attributes":["Arzneimittel"],"productName":"Kräuterblut® Floradix® mit Eisen","pricePerUnit":"3,27 € / 100 ml","imageUrl":"https://cdn.shop-apotheke.com/images/kraeuterblut-floradix-mit-eisen-loesung-zum-einnehmen-D00361784-p1.jpg","pharmaForm":"Lösung zum Einnehmen","ribbonText":"","RPMultiplier":"1"},{"id":"00361790","text":"Mit ausreichend Eisen für spürbar mehr Energie","webDetailPath":"arzneimittel/361790/kraeuterblut-floradix-mit-eisen.htm","stock":"product.stockStatus.available","active":false,"discount":"26","retailPrice":"1278","listPrice":"1734","packSize":"500 ml","nowProductGroup":"sameday_nextday","attributes":["Arzneimittel"],"productName":"Kräuterblut® Floradix® mit Eisen","pricePerUnit":"25,56 € / l","imageUrl":"https://cdn.shop-apotheke.com/images/kraeuterblut-floradix-mit-eisen-loesung-zum-einnehmen-D00361790-p1.jpg","pharmaForm":"Lösung zum Einnehmen","ribbonText":"","RPMultiplier":"1"},{"id":"00382102","text":"Mit ausreichend Eisen für spürbar mehr Energie","webDetailPath":"arzneimittel/382102/kraeuterblut-floradix-mit-eisen.htm","stock":"product.stockStatus.available","active":false,"discount":"28","retailPrice":"1679","listPrice":"2339","packSize":"700 ml","nowProductGroup":"nextday","attributes":["Arzneimittel"],"productName":"Kräuterblut® Floradix® mit Eisen","pricePerUnit":"23,99 € / l","imageUrl":"https://cdn.shop-apotheke.com/images/kraeuterblut-floradix-mit-eisen-loesung-zum-einnehmen-D00382102-p1.jpg","pharmaForm":"Lösung zum Einnehmen","ribbonText":"","RPMultiplier":"1"}],"master":true,"marketplace":true,"nowProductGroup":"sameday_nextday","notOnStockMessage":"","stockStatusColor":"green","categoryCodes":["csd00001","csd00324","csd00328","csd00331","csd00175","csd00181","csd00362","csd00391","csd00344","root","catalogs","main","landingpages","csd03339","csd03575","csd00283","csd03623","csd03629"],"prices":{"listPrice":{"amount":1.45,"net":1.25,"currency":"EUR","info":{"index":1,"text":"AVP / UVP"}},"retailPrice":{"amount":1.35,"net":1.16,"currency":"EUR","info":{"index":1,"text":"AVP / UVP"}}},"calculatedRatingRanking":4.26,"objectID":"05909531","_highlightResult":{"activeSubstances":[{"value":"Eisen(II)-D-gluconat-x-Wasser 105,5-116,09 mg","matchLevel":"none","matchedWords":[]}]},"_rankingInfo":{"nbTypos":0,"firstMatchedWord":0,"proximityDistance":0,"userScore":152,"geoDistance":0,"geoPrecision":1,"nbExactWords":0,"words":1,"filters":1,"personalization":{"score":0,"rankingScore":0,"filtersScore":0,"textualRelevanceBucket":1,"initialPosition":148,"newPosition":148}}},{"brandCode":"csd2765","pzn":"05901506","productName":"Traumeel® T ad us. vet.","secondaryCategories":["Katze","Gelenke & Knochen","Hunde","Gelenke & Knochen","Hunde","Homöopathie","Landingpages","Flash Deal","Landingpages","Abo Produkte","Landingpages","SHOP APOTHEKE NOW!"],"manufacturer":"Biologische Heilmittel Heel GmbH","pharmaForm":"Tabletten","brand":"Traumeel T ad us. vet.","brandIntern":"Heel","subBrandIntern":"Traumeel®","activeSubstances":["Arnica montana D3","Symphytum officinale D8","Atropa belladonna D4","Chamomilla recutita D3","Aconitum napellus D3","Bellis perennis D3","Hamamelis virginiana D3","Hypericum perforatum D2","Echinacea purpurea D3","Echinacea D3","Calendula officinalis D3","Achillea millefolium D3","Hepar sulfuris D8","Mercurius solubilis Hahnemanni D8"],"additiveSubstances":["Magnesium stearat","Lactose-1-Wasser"],"additiveSubstancesHtml":"<ul><li>Magnesium stearat</li><li>Lactose-1-Wasser</li></ul>","descriptionShort":"Homöopathisches Arzneimittel","keywords":[],"unit":"St","unitQuantityString":"100","masterID":"05901506","indicationRanges":["Veterinärpräparat"],"ratingCount":217,"averageRating":4.86,"attributes":["apothekenpflichtig","für Tiere","Arzneimittel","ABO"],"prescriptionMedicine":false,"price":1655,"listPrice":1936,"netRetailPrice":1427,"priceFormatted":"€ 16,55","listPriceFormatted":"€ 19,36","potency":"","ifap":"","image":"https://cdn.shop-apotheke.com/images/traumeel-t-ad-us-vet-tabletten-D05901506-p10.jpg","hasImage":true,"deeplink":"tiergesundheit/5901506/traumeel-t-ad-us-vet.htm","applicablePromotions":"","variantDetails":"05901506|05901506|15|100 St|1655|tiergesundheit/5901506/traumeel-t-ad-us-vet.htm|product.stockStatus.available","stockStatus":"","stockStatusReason":"product.stockStatus.available","inStock":true,"pricePerUnit":"","discountInPercent":15,"created":1445163038000,"lastChanged":1598570111000,"ratingsLink":"/produktbewertungen/5901506/traumeel-t-ad-us-vet.htm","ean":"4047642008564","RPMultiplier":1,"ribbonText":"","primaryCategory":["Die Online-Apotheke für Deutschland","Die Online-Apotheke für Deutschland/Tierapotheke","Die Online-Apotheke für Deutschland/Tierapotheke/Katze","Die Online-Apotheke für Deutschland/Tierapotheke/Katze/Homöopathie"],"topsellerCountBucket":11,"filterAttributes":["für Tiere","ABO"],"filterRating":0.14,"packSize":"100 St","variants":[{"id":"05901506","text":"Homöopathisches Arzneimittel","webDetailPath":"tiergesundheit/5901506/traumeel-t-ad-us-vet.htm","stock":"product.stockStatus.available","active":true,"discount":"15","retailPrice":"1655","listPrice":"1936","packSize":"100 St","nowProductGroup":"sameday_nextday","attributes":["apothekenpflichtig","für Tiere","Arzneimittel","ABO"],"productName":"Traumeel® T ad us. vet.","pricePerUnit":"","imageUrl":"https://cdn.shop-apotheke.com/images/traumeel-t-ad-us-vet-tabletten-D05901506-p10.jpg","pharmaForm":"Tabletten","ribbonText":"","RPMultiplier":"1"},{"id":"04055630","text":"Homöopathisches Arzneimittel für Hund und Katze","webDetailPath":"tiergesundheit/4055630/traumeel-t-ad-us-vet.htm","stock":"product.stockStatus.available","active":false,"discount":"27","retailPrice":"2914","listPrice":"3992","packSize":"250 St","nowProductGroup":"sameday_nextday","attributes":["apothekenpflichtig","für Tiere","Arzneimittel","ABO"],"productName":"Traumeel® T ad us. Vet","pricePerUnit":"","imageUrl":"https://cdn.shop-apotheke.com/images/traumeel-t-ad-us-vet-tabletten-D04055630-p1.jpg","pharmaForm":"Tabletten","ribbonText":"","RPMultiplier":"1"},{"id":"04055647","text":"Homöopathisches Arzneimittel für Hund und Katze","webDetailPath":"tiergesundheit/4055647/traumeel-t-ad-us-vet.htm","stock":"product.stockStatus.available","active":false,"discount":"21","retailPrice":"5506","listPrice":"6958","packSize":"500 St","nowProductGroup":"sameday_nextday","attributes":["apothekenpflichtig","für Tiere","Arzneimittel","ABO"],"productName":"Traumeel® T ad us. Vet","pricePerUnit":"","imageUrl":"https://cdn.shop-apotheke.com/images/traumeel-t-ad-us-vet-tabletten-D04055647-p1.jpg","pharmaForm":"Tabletten","ribbonText":"","RPMultiplier":"1"}],"master":true,"marketplace":true,"nowProductGroup":"sameday_nextday","notOnStockMessage":"","stockStatusColor":"green","categoryCodes":["csd00975","csd01002","csd01013","csd00980","csd00987","csd00990","csd01011","root","catalogs","main","landingpages","csd03339","csd03522","csd03692"],"prices":{"listPrice":{"amount":19.36,"net":16.69,"currency":"EUR","info":{"index":1,"text":"AVP / UVP"}},"retailPrice":{"amount":16.55,"net":14.27,"currency":"EUR","info":{"index":1,"text":"AVP / UVP"}}},"calculatedRatingRanking":4.42,"objectID":"05901506","_highlightResult":{"activeSubstances":[{"value":"<ais-highlight-0000000000>A</ais-highlight-0000000000>rnica montana D3","matchLevel":"full","fullyHighlighted":false,"matchedWords":["a"]},{"value":"Symphytum officinale D8","matchLevel":"none","matchedWords":[]},{"value":"<ais-highlight-0000000000>A</ais-highlight-0000000000>tropa belladonna D4","matchLevel":"full","fullyHighlighted":false,"matchedWords":["a"]},{"value":"Chamomilla recutita D3","matchLevel":"none","matchedWords":[]},{"value":"<ais-highlight-0000000000>A</ais-highlight-0000000000>conitum napellus D3","matchLevel":"full","fullyHighlighted":false,"matchedWords":["a"]},{"value":"Bellis perennis D3","matchLevel":"none","matchedWords":[]},{"value":"Hamamelis virginiana D3","matchLevel":"none","matchedWords":[]},{"value":"Hypericum perforatum D2","matchLevel":"none","matchedWords":[]},{"value":"Echinacea purpurea D3","matchLevel":"none","matchedWords":[]},{"value":"Echinacea D3","matchLevel":"none","matchedWords":[]},{"value":"Calendula officinalis D3","matchLevel":"none","matchedWords":[]},{"value":"<ais-highlight-0000000000>A</ais-highlight-0000000000>chillea millefolium D3","matchLevel":"full","fullyHighlighted":false,"matchedWords":["a"]},{"value":"Hepar sulfuris D8","matchLevel":"none","matchedWords":[]},{"value":"Mercurius solubilis Hahnemanni D8","matchLevel":"none","matchedWords":[]}]},"_rankingInfo":{"nbTypos":0,"firstMatchedWord":0,"proximityDistance":0,"userScore":151,"geoDistance":0,"geoPrecision":1,"nbExactWords":0,"words":1,"filters":1,"personalization":{"score":0,"rankingScore":0,"filtersScore":0,"textualRelevanceBucket":1,"initialPosition":149,"newPosition":149}}},{"brandCode":"csd2503","pzn":"03927045","productName":"Kamistad® Gel","secondaryCategories":["Black Friday®","40% und mehr"],"manufacturer":"STADA Consumer Health Deutschland GmbH","pharmaForm":"Gel","brand":"Kamistad","brandIntern":"STADA","subBrandIntern":"Kamistad®","activeSubstances":["Kamillenblüten-Extrakt (1:4-5); Auszugsmittel: Ethanol 50% (V/V), Trometamol 1,37%","Lidocain hydrochlorid-1-Wasser"],"additiveSubstances":["Benzalkonium chlorid","Saccharin natrium","Wasser, gereinigtes","Ameisensäure","Zimtöl","Polyacrylsäure","Trometamol","Ethanol 96% (V/V)"],"additiveSubstancesHtml":"<ul><li>Benzalkonium chlorid</li><li>Saccharin natrium</li><li>Wasser, gereinigtes</li><li>Ameisensäure</li><li>Zimtöl</li><li>Polyacrylsäure</li><li>Trometamol</li><li>Ethanol 96% (V/V)</li></ul>","descriptionShort":"Bei leichten Entzündungen des Zahnfleisches","keywords":[],"unit":"g","unitQuantityString":"10","masterID":"03927045","indicationRanges":["Mund-/ Rachentherapeutika und Zahnpflege","Mund-/ Rachentherapeutika","Anwendung auf der Schleimhaut"],"ratingCount":152,"averageRating":4.86,"attributes":["apothekenpflichtig","Arzneimittel"],"prescriptionMedicine":false,"price":648,"listPrice":1095,"netRetailPrice":559,"priceFormatted":"€ 6,48","listPriceFormatted":"€ 10,95","potency":"","ifap":"Das Präparat ist ein mild wirkendes traditionelles Arzneimittel. Das Arzneimittel wird angewendetzur Behandlung von leichten Entzündungen des Zahnfleisches und der Mundschleimhaut Bei fehlender Besserung der Entzündungszeichen innerhalb 1 Woche sollte ein Arzt aufgesucht werden.","image":"https://cdn.shop-apotheke.com/images/kamistad-gel-gel-D03927045-p1.jpg","hasImage":true,"deeplink":"arzneimittel/3927045/kamistad-gel.htm","applicablePromotions":"","variantDetails":"03927045|03927045|41|10 g|648|arzneimittel/3927045/kamistad-gel.htm|product.stockStatus.available","stockStatus":"","stockStatusReason":"product.stockStatus.available","inStock":true,"pricePerUnit":"64,80 € / 100 g","discountInPercent":41,"created":1445174406000,"lastChanged":1598569661000,"ratingsLink":"/produktbewertungen/3927045/kamistad-gel.htm","ean":"4150039270458","RPMultiplier":1,"ribbonText":"","primaryCategory":["Die Online-Apotheke für Deutschland","Die Online-Apotheke für Deutschland/Arzneimittel & weitere Produkte ","Die Online-Apotheke für Deutschland/Arzneimittel & weitere Produkte /Mund- & Zahnpflege","Die Online-Apotheke für Deutschland/Arzneimittel & weitere Produkte /Mund- & Zahnpflege/Aphten & Entzündungen"],"topsellerCountBucket":11,"filterAttributes":[],"filterRating":0.14,"packSize":"10 g","variants":[{"id":"03927045","text":"Bei leichten Entzündungen des Zahnfleisches","webDetailPath":"arzneimittel/3927045/kamistad-gel.htm","stock":"product.stockStatus.available","active":true,"discount":"41","retailPrice":"648","listPrice":"1095","packSize":"10 g","nowProductGroup":"sameday_nextday","attributes":["apothekenpflichtig","Arzneimittel"],"productName":"Kamistad® Gel","pricePerUnit":"64,80 € / 100 g","imageUrl":"https://cdn.shop-apotheke.com/images/kamistad-gel-gel-D03927045-p1.jpg","pharmaForm":"Gel","ribbonText":"","RPMultiplier":"1"},{"id":"03927039","text":"Bei leichten Entzündungen des Zahnfleisches","webDetailPath":"arzneimittel/3927039/kamistad-gel.htm","stock":"product.stockStatus.available","active":false,"discount":"37","retailPrice":"1018","listPrice":"1607","packSize":"20 g","nowProductGroup":"sameday_nextday","attributes":["apothekenpflichtig","Arzneimittel"],"productName":"Kamistad® Gel","pricePerUnit":"50,90 € / 100 g","imageUrl":"https://cdn.shop-apotheke.com/images/kamistad-gel-gel-D03927039-p1.jpg","pharmaForm":"Gel","ribbonText":"","RPMultiplier":"1"}],"master":true,"marketplace":true,"nowProductGroup":"sameday_nextday","notOnStockMessage":"","stockStatusColor":"green","categoryCodes":["csd00001","csd00244","csd00245","csd01434","csd02271","csd02272"],"prices":{"listPrice":{"amount":10.95,"net":9.44,"currency":"EUR","info":{"index":1,"text":"AVP / UVP"}},"retailPrice":{"amount":6.48,"net":5.59,"currency":"EUR","info":{"index":1,"text":"AVP / UVP"}}},"calculatedRatingRanking":4.28,"objectID":"03927045","_highlightResult":{"activeSubstances":[{"value":"Kamillenblüten-Extrakt (1:4-5); <ais-highlight-0000000000>A</ais-highlight-0000000000>uszugsmittel: Ethanol 50% (V/V), Trometamol 1,37%","matchLevel":"full","fullyHighlighted":false,"matchedWords":["a"]},{"value":"Lidocain hydrochlorid-1-Wasser","matchLevel":"none","matchedWords":[]}]},"_rankingInfo":{"nbTypos":0,"firstMatchedWord":0,"proximityDistance":0,"userScore":250,"geoDistance":0,"geoPrecision":1,"nbExactWords":0,"words":1,"filters":1,"personalization":{"score":0,"rankingScore":0,"filtersScore":0,"textualRelevanceBucket":1,"initialPosition":150,"newPosition":150}}},{"brandCode":"","pzn":"03541050","productName":"B12 Ankermann® 1000 µg","secondaryCategories":["Black Friday®","30% und mehr","Landingpages","Flash Deal Mineralstoffe","Sportlernährstoffe","Vitamin B","Landingpages","SHOP APOTHEKE NOW!","Healthy Deals","Healthy Deals Ernährung, Sport & Abnehmen","Landingpages","Healthy Deals App-Angebote"],"manufacturer":"Wörwag Pharma GmbH & Co. KG","pharmaForm":"Überzogene Tabletten","brand":"","brandIntern":"WÖRWAG PHARMA","subBrandIntern":"B12 Ankermann®","activeSubstances":["Cyanocobalamin"],"additiveSubstances":["Stearinsäure","Croscarmellose natrium","Hyprolose","Hypromellose","Macrogol glycerolhydroxystearat","Montanglycolwachs","Ton, weißer","Povidon K30","Triglyceride, mittelkettige","Natriumdodecylsulfat","Saccharose","Lactose-1-Wasser","Macrogol 6000","Titandioxid","Arabisches Gummi","Calciumcarbonat","Talkum"],"additiveSubstancesHtml":"<ul><li>Stearinsäure</li><li>Croscarmellose natrium</li><li>Hyprolose</li><li>Hypromellose</li><li>Macrogol glycerolhydroxystearat</li><li>Montanglycolwachs</li><li>Ton, weißer</li><li>Povidon K30</li><li>Triglyceride, mittelkettige</li><li>Natriumdodecylsulfat</li><li>Saccharose</li><li>Lactose-1-Wasser</li><li>Macrogol 6000</li><li>Titandioxid</li><li>Arabisches Gummi</li><li>Calciumcarbonat</li><li>Talkum</li></ul>","descriptionShort":"Zur Anwendung bei Vitamin B12-Mangel","keywords":["B12 ankermann"],"unit":"St","unitQuantityString":"50","masterID":"03541050","indicationRanges":["Blut und Blutbildung beeinflussende Pharmaka","Antianämika","Vitamin B12 und Derivate"],"ratingCount":141,"averageRating":4.86,"attributes":["apothekenpflichtig","Arzneimittel"],"prescriptionMedicine":false,"price":1920,"listPrice":2388,"netRetailPrice":1655,"priceFormatted":"€ 19,20","listPriceFormatted":"€ 23,88","potency":"","ifap":"Das Arzneimittel ist ein Vitamin B12-Präparat (Antianämikum). Vitamin B12-Mangel, der sich in Reifungsstörungen der roten Blutzellen (Störungen der Hämatopoese, wie hyperchrome makrozytäre Megaloblastenanämie, perniziöse Anämie und andere makrozytäre Anämien) und/oder neurologischen Störungen, wie funikulärer Spinalerkrankung (Rückenmarksschädigung) äußern kann. Vitamin B12-Mangel kann durch längere Mangel- und Fehlernährung (z. B. streng vegetarische Ernährung), durch Störungen in der Nahrungsaufnahme (Malabsorption durch ungenügende Produktion von Intrinsic Faktor), Erkrankungen im Endabschnitt des Ileum (z. B. Sprue), Fischbandwurmbefall oder „Blind loop&quot;-Syndrom oder angeborene Vitamin B12-Transportstörungen entstehen.","image":"https://cdn.shop-apotheke.com/images/b12-ankermann-1000-g-ueberzogene-tabletten-D03541050-p1.jpg","hasImage":true,"deeplink":"arzneimittel/3541050/b12-ankermann-1000-g.htm","applicablePromotions":"","variantDetails":"03541050|03541050|20|50 St|1920|arzneimittel/3541050/b12-ankermann-1000-g.htm|product.stockStatus.available","stockStatus":"","stockStatusReason":"product.stockStatus.available","inStock":true,"pricePerUnit":"","discountInPercent":20,"created":1445169901000,"lastChanged":1598569538000,"ratingsLink":"/produktbewertungen/3541050/b12-ankermann-1000-g.htm","ean":"","RPMultiplier":1,"ribbonText":"","primaryCategory":["Die Online-Apotheke für Deutschland","Die Online-Apotheke für Deutschland/Arzneimittel & weitere Produkte ","Die Online-Apotheke für Deutschland/Arzneimittel & weitere Produkte /Vitamine & Mineralstoffe","Die Online-Apotheke für Deutschland/Arzneimittel & weitere Produkte /Vitamine & Mineralstoffe/Vitaminpräparate","Die Online-Apotheke für Deutschland/Arzneimittel & weitere Produkte /Vitamine & Mineralstoffe/Vitaminpräparate/Vitamin B"],"topsellerCountBucket":11,"filterAttributes":[],"filterRating":0.14,"packSize":"50 St","variants":[{"id":"03541050","text":"Zur Anwendung bei Vitamin B12-Mangel","webDetailPath":"arzneimittel/3541050/b12-ankermann-1000-g.htm","stock":"product.stockStatus.available","active":true,"discount":"20","retailPrice":"1920","listPrice":"2388","packSize":"50 St","nowProductGroup":"sameday_nextday","attributes":["apothekenpflichtig","Arzneimittel"],"productName":"B12 Ankermann® 1000 µg","pricePerUnit":"","imageUrl":"https://cdn.shop-apotheke.com/images/b12-ankermann-1000-g-ueberzogene-tabletten-D03541050-p1.jpg","pharmaForm":"Überzogene Tabletten","ribbonText":"","RPMultiplier":"1"},{"id":"01502726","text":"Zur Anwendung bei Vitamin B12-Mangel","webDetailPath":"arzneimittel/1502726/b12-ankermann-1000-g.htm","stock":"product.stockStatus.available","active":false,"discount":"23","retailPrice":"2833","listPrice":"3702","packSize":"100 St","nowProductGroup":"sameday_nextday","attributes":["apothekenpflichtig","vegetarisch","Arzneimittel","ABO"],"productName":"B12 Ankermann® 1000 µg","pricePerUnit":"","imageUrl":"https://cdn.shop-apotheke.com/images/b12-ankermann-1000-g-ueberzogene-tabletten-D01502726-p1.jpg","pharmaForm":"Überzogene Tabletten","ribbonText":"","RPMultiplier":"1"}],"master":true,"marketplace":true,"nowProductGroup":"sameday_nextday","notOnStockMessage":"","stockStatusColor":"green","categoryCodes":["csd00001","csd00324","csd00352","csd00356","csd01434","csd02271","csd02859","root","catalogs","main","landingpages","csd03339","csd03461","csd03526","csd02968","csd03571","csd03575","csd00283","csd03623","csd03633"],"prices":{"listPrice":{"amount":23.88,"net":20.59,"currency":"EUR","info":{"index":1,"text":"AVP / UVP"}},"retailPrice":{"amount":19.2,"net":16.55,"currency":"EUR","info":{"index":1,"text":"AVP / UVP"}}},"calculatedRatingRanking":4.24,"objectID":"03541050","_highlightResult":{"activeSubstances":[{"value":"Cyanocobalamin","matchLevel":"none","matchedWords":[]}]},"_rankingInfo":{"nbTypos":0,"firstMatchedWord":0,"proximityDistance":0,"userScore":249,"geoDistance":0,"geoPrecision":1,"nbExactWords":0,"words":1,"filters":1,"personalization":{"score":0,"rankingScore":0,"filtersScore":0,"textualRelevanceBucket":1,"initialPosition":151,"newPosition":151}}},{"brandCode":"csd2439","pzn":"14167086","productName":"GeloMyrtol® forte","secondaryCategories":["Pflanzlich","Hustenlöser","Nase","Nasennebenhöhlen","Erkältung & Grippe","Grippale Infekte","Erkältung & Grippe","Nasennebenhöhlen","Landingpages","NOW! Erkältung","GeloMyrtol<sup>®</sup> forte","GeloMyrtol<sup>®</sup> forte","Black Friday®","Erkältungs-Produkte","UNSERE ADVENTS-ÜBERASCHUNG EXKLUSIV FÜR UNSERE BESTEN KUNDEN.","Advent 2","Erkältung & Grippe","Hustenlöser","Landingpages","SHOP APOTHEKE NOW!","Landingpages","Mai Aktion","Landingpages","Mai Kracher","Healthy Deals","RedPoints-Aktion","Landingpages","Top 100"],"manufacturer":"G. Pohl-Boskamp GmbH & Co.KG","pharmaForm":"magensaftresistente Weichkapseln","brand":"GeloMyrtol forte","brandIntern":"GeloMyrtol® ","subBrandIntern":"Forte","activeSubstances":["Apfelsinenschalenöl-Destillat","Myrthenöl-Destillat","Zitronenöl-Destillat","Eucalyptusöl-Destillat"],"additiveSubstances":["Triethylcitrat","Hypromellose acetatsuccinat","Ammonium glycyrrhizat","Rapsöl, raffiniert","Gelatine","Natriumdodecylsulfat","Dextrin","Sorbitol 70","Glycerol 85%","Talkum"],"additiveSubstancesHtml":"<ul><li>Triethylcitrat</li><li>Hypromellose acetatsuccinat</li><li>Ammonium glycyrrhizat</li><li>Rapsöl, raffiniert</li><li>Gelatine</li><li>Natriumdodecylsulfat</li><li>Dextrin</li><li>Sorbitol 70</li><li>Glycerol 85%</li><li>Talkum</li></ul>","descriptionShort":"Bei Sinusitis und Bronchitis mit Husten, Schnupfen, Druckkopfschmerz","keywords":[],"unit":"St","unitQuantityString":"60","masterID":"01479157","indicationRanges":["Atemwegskrankheiten und grippale Infekte","Phytopharmaka","Expektorantien"],"ratingCount":508,"averageRating":4.85,"attributes":["apothekenpflichtig","pflanzlich","Arzneimittel"],"prescriptionMedicine":false,"price":1968,"listPrice":2739,"netRetailPrice":1697,"priceFormatted":"€ 19,68","listPriceFormatted":"€ 27,39","potency":"","ifap":"Das Arzneimittel ist ein pflanzliches Arzneimittel zur Schleimlösung in den Atemwegen. Anwendungsgebiete:Zur Schleimlösung und Erleichterung des Abhustens bei akuter und chronischer Bronchitis. Zur Schleimlösung bei Entzündungen der Nasennebenhöhlen (Sinusitis).","image":"https://cdn.shop-apotheke.com/images/gelomyrtol-forte-magensaftresistente-weichkapseln-D14167086-p1.jpg","hasImage":true,"deeplink":"arzneimittel/14167086/gelomyrtol-forte.htm","applicablePromotions":"","variantDetails":"01479157|14167086|28|60 St|1968|arzneimittel/14167086/gelomyrtol-forte.htm|product.stockStatus.available","stockStatus":"","stockStatusReason":"product.stockStatus.available","inStock":true,"pricePerUnit":"","discountInPercent":28,"created":1533896411000,"lastChanged":1598572636000,"ratingsLink":"/produktbewertungen/14167086/gelomyrtol-forte.htm","ean":"","RPMultiplier":1,"ribbonText":"","primaryCategory":["Die Online-Apotheke für Deutschland","Die Online-Apotheke für Deutschland/Homöopathie & Naturprodukte","Die Online-Apotheke für Deutschland/Homöopathie & Naturprodukte/Anwendungsgebiete","Die Online-Apotheke für Deutschland/Homöopathie & Naturprodukte/Anwendungsgebiete/Pflanzlich","Die Online-Apotheke für Deutschland/Homöopathie & Naturprodukte/Anwendungsgebiete/Pflanzlich/Grippale Infekte"],"topsellerCountBucket":11,"filterAttributes":["pflanzlich"],"filterRating":0.15,"packSize":"60 St","variants":[{"id":"01479157","text":"Bei Sinusitis und Bronchitis mit Husten, Schnupfen, Druckkopfschmerz","webDetailPath":"arzneimittel/1479157/gelomyrtol-forte.htm","stock":"product.stockStatus.available","active":true,"discount":"27","retailPrice":"784","listPrice":"1071","packSize":"20 St","nowProductGroup":"nextday","attributes":["apothekenpflichtig","pflanzlich","Arzneimittel"],"productName":"GeloMyrtol® forte","pricePerUnit":"","imageUrl":"https://cdn.shop-apotheke.com/images/gelomyrtol-forte-magensaftresistente-weichkapseln-D01479157-p1.jpg","pharmaForm":"magensaftresistente Weichkapseln","ribbonText":"","RPMultiplier":"1"},{"id":"14167086","text":"Bei Sinusitis und Bronchitis mit Husten, Schnupfen, Druckkopfschmerz","webDetailPath":"arzneimittel/14167086/gelomyrtol-forte.htm","stock":"product.stockStatus.available","active":false,"discount":"28","retailPrice":"1968","listPrice":"2739","packSize":"60 St","nowProductGroup":"sameday_nextday","attributes":["apothekenpflichtig","pflanzlich","Arzneimittel"],"productName":"GeloMyrtol® forte","pricePerUnit":"","imageUrl":"https://cdn.shop-apotheke.com/images/gelomyrtol-forte-magensaftresistente-weichkapseln-D14167086-p1.jpg","pharmaForm":"magensaftresistente Weichkapseln","ribbonText":"","RPMultiplier":"1"},{"id":"01479163","text":"Bei Sinusitis und Bronchitis mit Husten, Schnupfen, Druckkopfschmerz","webDetailPath":"arzneimittel/1479163/gelomyrtol-forte.htm","stock":"product.stockStatus.available","active":false,"discount":"24","retailPrice":"2959","listPrice":"3896","packSize":"100 St","nowProductGroup":"none","attributes":["apothekenpflichtig","pflanzlich","Arzneimittel"],"productName":"GeloMyrtol® forte","pricePerUnit":"","imageUrl":"https://cdn.shop-apotheke.com/images/gelomyrtol-forte-magensaftresistente-weichkapseln-D01479163-p1.jpg","pharmaForm":"magensaftresistente Weichkapseln","ribbonText":"","RPMultiplier":"1"}],"master":false,"marketplace":true,"nowProductGroup":"sameday_nextday","notOnStockMessage":"","stockStatusColor":"green","categoryCodes":["csd00850","csd00851","csd00884","csd00891","csd00001","csd00020","csd00028","csd00029","csd00061","csd00065","csd00066","csd00896","csd01574","csd01434","csd02271","csd02862","root","catalogs","main","landingpages","csd03040","csd02968","csd03288","csd03339","csd03341","brandshop","csd03408","csd03609","csd03646","csd03643","csd03995","csd03997"],"prices":{"listPrice":{"amount":27.39,"net":23.61,"currency":"EUR","info":{"index":1,"text":"AVP / UVP"}},"retailPrice":{"amount":19.68,"net":16.97,"currency":"EUR","info":{"index":1,"text":"AVP / UVP"}}},"calculatedRatingRanking":4.64,"objectID":"14167086","_highlightResult":{"activeSubstances":[{"value":"<ais-highlight-0000000000>A</ais-highlight-0000000000>pfelsinenschalenöl-Destillat","matchLevel":"full","fullyHighlighted":false,"matchedWords":["a"]},{"value":"Myrthenöl-Destillat","matchLevel":"none","matchedWords":[]},{"value":"Zitronenöl-Destillat","matchLevel":"none","matchedWords":[]},{"value":"Eucalyptusöl-Destillat","matchLevel":"none","matchedWords":[]}]},"_rankingInfo":{"nbTypos":0,"firstMatchedWord":0,"proximityDistance":0,"userScore":248,"geoDistance":0,"geoPrecision":1,"nbExactWords":0,"words":1,"filters":1,"personalization":{"score":0,"rankingScore":0,"filtersScore":0,"textualRelevanceBucket":1,"initialPosition":152,"newPosition":152}}},{"brandCode":"csd03853","pzn":"11594238","productName":"Magnesium Diasporal® 400 EXTRA direkt Orange","secondaryCategories":["Landingpages","Magnesium-Diasporal®","Black Friday®","30% und mehr","Specials","Neujahrs-Special","Landingpages","Fit in den Frühling","Sportlernährstoffe","Magnesium","UNSERE ADVENTS-ÜBERASCHUNG EXKLUSIV FÜR UNSERE BESTEN KUNDEN.","Advent 3","Landingpages","Vorsatz: Vitamine & Mineralstoffe","Landingpages","Angebote aus der App-otheke ","Landingpages","Abo Produkte","Landingpages","SHOP APOTHEKE NOW!"],"manufacturer":"Protina Pharmazeutische GmbH","pharmaForm":"Granulat","brand":"Magnesium Diasporal","brandIntern":"Magnesium Diasporal®","subBrandIntern":"","activeSubstances":["Trimagnesiumdicitrat","Magnesiumoxid"],"additiveSubstances":["Apfelsinen-Aroma","Eisen(III)-oxid","Speisefettsäuren, Calciumsalze","Apfelsinenfrucht-Pulver","Sorbitol"],"additiveSubstancesHtml":"<ul><li>Apfelsinen-Aroma</li><li>Eisen(III)-oxid</li><li>Speisefettsäuren, Calciumsalze</li><li>Apfelsinenfrucht-Pulver</li><li>Sorbitol</li></ul>","descriptionShort":"Als Beitrag zur normalen Funktion von Muskeln und Nervensystem","keywords":[],"unit":"St","unitQuantityString":"100","masterID":"08402413","indicationRanges":["Mineralstoffe (Therapie und Substitution)","Magnesium-Präparate","Magnesium-Salze, oral"],"ratingCount":193,"averageRating":4.85,"attributes":["vegan","Lebensmittel","Nahrungsergänzungsmittel","ABO"],"prescriptionMedicine":false,"price":2758,"listPrice":3813,"netRetailPrice":2627,"priceFormatted":"€ 27,58","listPriceFormatted":"€ 38,13","potency":"","ifap":"","image":"https://cdn.shop-apotheke.com/images/magnesium-diasporal-400-extra-direkt-orange-granulat-D11594238-p1.jpg","hasImage":true,"deeplink":"arzneimittel/11594238/magnesium-diasporal-400-extra-direkt-orange.htm","applicablePromotions":"","variantDetails":"08402413|11594238|28|100 St|2758|arzneimittel/11594238/magnesium-diasporal-400-extra-direkt-orange.htm|product.stockStatus.available","stockStatus":"","stockStatusReason":"product.stockStatus.available","inStock":true,"pricePerUnit":"","discountInPercent":28,"created":1468824311000,"lastChanged":1598572132000,"ratingsLink":"/produktbewertungen/11594238/magnesium-diasporal-400-extra-direkt-orange.htm","ean":"4260124360237","RPMultiplier":1,"ribbonText":"","primaryCategory":["Die Online-Apotheke für Deutschland","Die Online-Apotheke für Deutschland/Arzneimittel & weitere Produkte ","Die Online-Apotheke für Deutschland/Arzneimittel & weitere Produkte /Vitamine & Mineralstoffe","Die Online-Apotheke für Deutschland/Arzneimittel & weitere Produkte /Vitamine & Mineralstoffe/Mineralstoffe & Spurenelemente","Die Online-Apotheke für Deutschland/Arzneimittel & weitere Produkte /Vitamine & Mineralstoffe/Mineralstoffe & Spurenelemente/Magnesium"],"topsellerCountBucket":11,"filterAttributes":["vegan","Lebensmittel","Nahrungsergänzungsmittel","ABO"],"filterRating":0.15,"packSize":"100 St","variants":[{"id":"08402413","text":"Als Beitrag zur normalen Funktion von Muskeln und Nervensystem","webDetailPath":"arzneimittel/8402413/magnesium-diasporal-400-extra-direkt-orange.htm","stock":"product.stockStatus.available","active":true,"discount":"22","retailPrice":"805","listPrice":"1035","packSize":"20 St","nowProductGroup":"sameday_nextday","attributes":["vegan","Lebensmittel","Nahrungsergänzungsmittel"],"productName":"Magnesium Diasporal® 400 EXTRA direkt Orange","pricePerUnit":"","imageUrl":"https://cdn.shop-apotheke.com/images/magnesium-diasporal-400-extra-direkt-orange-granulat-D08402413-p1.jpg","pharmaForm":"Granulat","ribbonText":"","RPMultiplier":"1"},{"id":"08402436","text":"Als Beitrag zur normalen Funktion von Muskeln und Nervensystem","webDetailPath":"arzneimittel/8402436/magnesium-diasporal-400-extra-direkt-orange.htm","stock":"product.stockStatus.available","active":false,"discount":"25","retailPrice":"1662","listPrice":"2203","packSize":"50 St","nowProductGroup":"sameday_nextday","attributes":["vegetarisch","vegan","Lebensmittel","Nahrungsergänzungsmittel"],"productName":"Magnesium Diasporal® 400 EXTRA direkt Orange","pricePerUnit":"","imageUrl":"https://cdn.shop-apotheke.com/images/magnesium-diasporal-400-extra-direkt-orange-granulat-D08402436-p1.jpg","pharmaForm":"Granulat","ribbonText":"","RPMultiplier":"1"},{"id":"11594238","text":"Als Beitrag zur normalen Funktion von Muskeln und Nervensystem","webDetailPath":"arzneimittel/11594238/magnesium-diasporal-400-extra-direkt-orange.htm","stock":"product.stockStatus.available","active":false,"discount":"28","retailPrice":"2758","listPrice":"3813","packSize":"100 St","nowProductGroup":"sameday_nextday","attributes":["vegan","Lebensmittel","Nahrungsergänzungsmittel","ABO"],"productName":"Magnesium Diasporal® 400 EXTRA direkt Orange","pricePerUnit":"","imageUrl":"https://cdn.shop-apotheke.com/images/magnesium-diasporal-400-extra-direkt-orange-granulat-D11594238-p1.jpg","pharmaForm":"Granulat","ribbonText":"","RPMultiplier":"1"}],"master":false,"marketplace":true,"nowProductGroup":"sameday_nextday","notOnStockMessage":"","stockStatusColor":"green","categoryCodes":["csd00001","csd00324","csd00328","csd00336","csd01434","csd01461","root","catalogs","main","landingpages","csd02479","csd02271","csd02859","csd03291","csd03339","csd03575","csd00283","csd03623","csd03631","csd03646","csd03644","csd03684","csd03690","csd03692"],"prices":{"listPrice":{"amount":38.13,"net":36.31,"currency":"EUR","info":{"index":1,"text":"AVP / UVP"}},"retailPrice":{"amount":27.58,"net":26.27,"currency":"EUR","info":{"index":1,"text":"AVP / UVP"}}},"calculatedRatingRanking":4.37,"objectID":"11594238","_highlightResult":{"activeSubstances":[{"value":"Trimagnesiumdicitrat","matchLevel":"none","matchedWords":[]},{"value":"Magnesiumoxid","matchLevel":"none","matchedWords":[]}]},"_rankingInfo":{"nbTypos":0,"firstMatchedWord":0,"proximityDistance":0,"userScore":247,"geoDistance":0,"geoPrecision":1,"nbExactWords":0,"words":1,"filters":1,"personalization":{"score":0,"rankingScore":0,"filtersScore":0,"textualRelevanceBucket":1,"initialPosition":153,"newPosition":153}}},{"brandCode":"csd04374","pzn":"11160126","productName":"CONTOUR® NEXT Sensoren","secondaryCategories":["Diabetes","CONTOUR® NEXT Sensoren","Diabetes","CONTOUR® NEXT","Diabetes","CONTOUR® NEXT ONE","Medizinische Tests & Geräte","Blutzuckerteststreifen","Landingpages","SHOP APOTHEKE NOW!"],"manufacturer":"Ascensia Diabetes Care Deutschland GmbH","pharmaForm":"Teststreifen","brand":"Contour next","brandIntern":"Contour®","subBrandIntern":"next","activeSubstances":["Glucose-Testzone"],"additiveSubstances":[],"additiveSubstancesHtml":"","descriptionShort":"Zur Blutzuckerbestimmung","keywords":[],"unit":"St","unitQuantityString":"1X25","masterID":"11160126","indicationRanges":["Diagnostika","Verschiedene Tests","Bluttests"],"ratingCount":314,"averageRating":4.85,"attributes":[],"prescriptionMedicine":false,"price":1457,"listPrice":1495,"netRetailPrice":1256,"priceFormatted":"€ 14,57","listPriceFormatted":"€ 14,95","potency":"","ifap":"","image":"https://cdn.shop-apotheke.com/images/contour-next-sensoren-teststreifen-D11160126-p10.jpg","hasImage":true,"deeplink":"arzneimittel/11160126/contour-next-sensoren.htm","applicablePromotions":"","variantDetails":"11160126|11160126|3|1X25 St|1457|arzneimittel/11160126/contour-next-sensoren.htm|product.stockStatus.available","stockStatus":"","stockStatusReason":"product.stockStatus.available","inStock":true,"pricePerUnit":"","discountInPercent":3,"created":1446107703000,"lastChanged":1598579297000,"ratingsLink":"/produktbewertungen/11160126/contour-next-sensoren.htm","ean":"","RPMultiplier":1,"ribbonText":"","primaryCategory":["Die Online-Apotheke für Deutschland","Die Online-Apotheke für Deutschland/Arzneimittel & weitere Produkte ","Die Online-Apotheke für Deutschland/Arzneimittel & weitere Produkte /Diabetes","Die Online-Apotheke für Deutschland/Arzneimittel & weitere Produkte /Diabetes/Blutzuckerteststreifen"],"topsellerCountBucket":11,"filterAttributes":[],"filterRating":0.15,"packSize":"1X25 St","variants":[{"id":"11160126","text":"Zur Blutzuckerbestimmung","webDetailPath":"arzneimittel/11160126/contour-next-sensoren.htm","stock":"product.stockStatus.available","active":true,"discount":"3","retailPrice":"1457","listPrice":"1495","packSize":"1X25 St","nowProductGroup":"sameday_nextday","attributes":[],"productName":"CONTOUR® NEXT Sensoren","pricePerUnit":"","imageUrl":"https://cdn.shop-apotheke.com/images/contour-next-sensoren-teststreifen-D11160126-p10.jpg","pharmaForm":"Teststreifen","ribbonText":"","RPMultiplier":"1"},{"id":"08884487","text":"Zur Blutzuckerbestimmung","webDetailPath":"arzneimittel/8884487/contour-next-sensoren.htm","stock":"product.stockStatus.available","active":false,"discount":"17","retailPrice":"2484","listPrice":"2999","packSize":"50 St","nowProductGroup":"nextday","attributes":["ABO"],"productName":"CONTOUR® NEXT Sensoren","pricePerUnit":"","imageUrl":"https://cdn.shop-apotheke.com/images/contour-next-sensoren-teststreifen-D08884487-p10.jpg","pharmaForm":"Teststreifen","ribbonText":"","RPMultiplier":"1"}],"master":true,"marketplace":true,"nowProductGroup":"sameday_nextday","notOnStockMessage":"","stockStatusColor":"green","categoryCodes":["csd00001","csd00048","csd00050","csd00236","csd01113","root","catalogs","main","themeshop","csd01154","csd01223","csd01225","csd02288","landingpages","csd03339"],"prices":{"listPrice":{"amount":14.95,"net":12.89,"currency":"EUR","info":{"index":1,"text":"AVP / UVP"}},"retailPrice":{"amount":14.57,"net":12.56,"currency":"EUR","info":{"index":1,"text":"AVP / UVP"}}},"calculatedRatingRanking":4.53,"objectID":"11160126","_highlightResult":{"activeSubstances":[{"value":"Glucose-Testzone","matchLevel":"none","matchedWords":[]}]},"_rankingInfo":{"nbTypos":0,"firstMatchedWord":0,"proximityDistance":0,"userScore":246,"geoDistance":0,"geoPrecision":1,"nbExactWords":0,"words":1,"filters":1,"personalization":{"score":0,"rankingScore":0,"filtersScore":0,"textualRelevanceBucket":1,"initialPosition":154,"newPosition":154}}},{"brandCode":"csd2649","pzn":"09922155","productName":"Otriven® SinuSpray 0,1 %","secondaryCategories":["Nase","Schnupfen","Otriven","Nasennebenhöhlenentzündung","Otriven","Reiseapotheke","Otriven","Bestseller","Landingpages","Allergie-Topseller","Erkältung & Grippe","Schnupfen","Landingpages","Topseller Allergie","Produkt-Promotions CRM","SHOP APOTHEKE NOW! Allergie","Landingpages","NOW! Erkältung","Landingpages","NOW! Reiseapotheke","Landingpages","Flash Deal Erkaeltung","Black Friday®","Erkältungs-Produkte","Landingpages","Weltgesundheitstag: Hausapotheke","Landingpages","100 Topseller","Landingpages","SHOP APOTHEKE NOW!","Healthy Deals","RedPoints-Aktion","Landingpages","Top 100"],"manufacturer":"GlaxoSmithKline Consumer Healthcare","pharmaForm":"Nasenspray","brand":"Otriven","brandIntern":"Otriven®","subBrandIntern":"SinuSpray","activeSubstances":["Xylometazolin hydrochlorid"],"additiveSubstances":["Macrogol glycerolhydroxystearat","Dinatrium edetat-2-Wasser","Cineol","Benzalkonium chlorid","Wasser, gereinigtes","Natriumchlorid","Natriumdihydrogenphosphat-2-Wasser","Dinatriumhydrogenphosphat","Levomenthol","Sorbitol"],"additiveSubstancesHtml":"<ul><li>Macrogol glycerolhydroxystearat</li><li>Dinatrium edetat-2-Wasser</li><li>Cineol</li><li>Benzalkonium chlorid</li><li>Wasser, gereinigtes</li><li>Natriumchlorid</li><li>Natriumdihydrogenphosphat-2-Wasser</li><li>Dinatriumhydrogenphosphat</li><li>Levomenthol</li><li>Sorbitol</li></ul>","descriptionShort":"Zur Abschwellung der Nasenschleimhaut bei Schnupfen","keywords":[],"unit":"ml","unitQuantityString":"10","masterID":"09922155","indicationRanges":["Atemwegskrankheiten und grippale Infekte","Rhinologika, lokale Anwendung","Schnupfenmittel, Sympathomimetika-haltig"],"ratingCount":26,"averageRating":4.85,"attributes":["apothekenpflichtig","Arzneimittel"],"prescriptionMedicine":false,"price":471,"listPrice":609,"netRetailPrice":406,"priceFormatted":"€ 4,71","listPriceFormatted":"€ 6,09","potency":"","ifap":"Das Arzneimittel ist ein Mittel zur Anwendung in der Nase (Rhinologikum) und enthält das Alpha-Sympathomimetikum Xylometazolin. Xylometazolin hat gefäßverengende Eigenschaften und bewirkt dadurch Schleimhautabschwellung. AnwendungsgebietZur Abschwellung der Nasenschleimhaut bei Schnupfen, anfallsweise auftretendem Fließschnupfen (Rhinitis vasomotorica), allergischem Schnupfen (Rhinitis allergica). Zur Erleichterung des Sekretabflusses bei Entzündungen der Nasennebenhöhlen sowie bei Katarrh des Tubenmittelohrs in Verbindung mit Schnupfen. Das Arzneimittel ist für Erwachsene und Schulkinder bestimmt.","image":"https://cdn.shop-apotheke.com/images/otriven-sinuspray-0-1-nasenspray-D09922155-p1.jpg","hasImage":true,"deeplink":"arzneimittel/9922155/otriven-sinuspray-0-1.htm","applicablePromotions":"","variantDetails":"09922155|09922155|23|10 ml|471|arzneimittel/9922155/otriven-sinuspray-0-1.htm|product.stockStatus.available","stockStatus":"","stockStatusReason":"product.stockStatus.available","inStock":true,"pricePerUnit":"47,10 € / 100 ml","discountInPercent":23,"created":1445165714000,"lastChanged":1598571576000,"ratingsLink":"/produktbewertungen/9922155/otriven-sinuspray-0-1.htm","ean":"","RPMultiplier":1,"ribbonText":"","primaryCategory":["Die Online-Apotheke für Deutschland","Die Online-Apotheke für Deutschland/Arzneimittel & weitere Produkte ","Die Online-Apotheke für Deutschland/Arzneimittel & weitere Produkte /Allergie & Asthma","Die Online-Apotheke für Deutschland/Arzneimittel & weitere Produkte /Allergie & Asthma/Allergischer Schnupfen"],"topsellerCountBucket":11,"filterAttributes":[],"filterRating":0.15,"packSize":"10 ml","variants":[{"id":"09922155","text":"Zur Abschwellung der Nasenschleimhaut bei Schnupfen","webDetailPath":"arzneimittel/9922155/otriven-sinuspray-0-1.htm","stock":"product.stockStatus.available","active":true,"discount":"23","retailPrice":"471","listPrice":"609","packSize":"10 ml","nowProductGroup":"sameday_nextday","attributes":["apothekenpflichtig","Arzneimittel"],"productName":"Otriven® SinuSpray 0,1 %","pricePerUnit":"47,10 € / 100 ml","imageUrl":"https://cdn.shop-apotheke.com/images/otriven-sinuspray-0-1-nasenspray-D09922155-p1.jpg","pharmaForm":"Nasenspray","ribbonText":"","RPMultiplier":"1"}],"master":true,"marketplace":true,"nowProductGroup":"sameday_nextday","notOnStockMessage":"","stockStatusColor":"green","categoryCodes":["csd00001","csd00010","csd00015","csd00020","csd00028","csd00033","csd00061","csd01060","root","catalogs","main","brandshop","csd01373","csd01380","csd01381","csd01383","csd01434","csd02271","csd02862","landingpages","csd02995","csd03040","csd02968","csd03288","csd03290","csd03339","csd03987","csd03988","csd03340","csd03341","csd03344","csd03476","csd03524","csd03939"],"prices":{"listPrice":{"amount":6.09,"net":5.25,"currency":"EUR","info":{"index":1,"text":"AVP / UVP"}},"retailPrice":{"amount":4.71,"net":4.06,"currency":"EUR","info":{"index":1,"text":"AVP / UVP"}}},"calculatedRatingRanking":3.3,"objectID":"09922155","_highlightResult":{"activeSubstances":[{"value":"Xylometazolin hydrochlorid","matchLevel":"none","matchedWords":[]}]},"_rankingInfo":{"nbTypos":0,"firstMatchedWord":0,"proximityDistance":0,"userScore":245,"geoDistance":0,"geoPrecision":1,"nbExactWords":0,"words":1,"filters":1,"personalization":{"score":0,"rankingScore":0,"filtersScore":0,"textualRelevanceBucket":1,"initialPosition":155,"newPosition":155}}},{"brandCode":"csd01910","pzn":"08762086","productName":"Avène Thermalwasserspray","secondaryCategories":["Avène","Thermalwasser","Geschenke Themenwelt","Beauty schenken","Märchenhafte Geschenkewelt","Sterntaler","Geschenke nach Budget","Geschenke bis 10 Euro","Landingpages","Erste Hilfe bei Fußballfieber: Sparen, Punkten, Jubeln!","Geschenke Themenwelt","Wellness schenken","Black Friday®","30% und mehr","Black Friday®","Super Deals","Avène","Basispflege","Landingpages","Beauty Topseller","Landingpages","Beauty-Topseller: 10% Rabatt mit beauty2019 sichern!","Healthy Deals","Beauty Spar-Angebote","Landingpages","Flash Deal Beauty","Landingpages","Topseller","UNSERE ADVENTS-ÜBERASCHUNG EXKLUSIV FÜR UNSERE BESTEN KUNDEN.","Advent 1","Landingpages","Adventskalender Türchen 12","Landingpages","Sommerliche Erfrischung","Healthy Deals","RedPoints-Aktion"],"manufacturer":"PIERRE FABRE DERMO KOSMETIK GmbH GB - Avene","pharmaForm":"Spray","brand":"Avène","brandIntern":"Avène","subBrandIntern":"Thermalwasser","activeSubstances":["Avene-Thermalwasser"],"additiveSubstances":["Stickstoff"],"additiveSubstancesHtml":"<ul><li>Stickstoff</li></ul>","descriptionShort":"Reines Thermalwasser ohne Zusatzstoffe mit hautberuhigenden, reizlindernden und entzündungshemmenden Eigenschaften","keywords":["Avene","Thermalwasser","EauThermale"],"unit":"ml","unitQuantityString":"300","masterID":"00850141","indicationRanges":["Kosmetika und Kinderpflegemittel","Haut-/ Haarpflege, Hautschutz"],"ratingCount":131,"averageRating":4.85,"attributes":[],"prescriptionMedicine":false,"price":846,"listPrice":1063,"netRetailPrice":729,"priceFormatted":"€ 8,46","listPriceFormatted":"€ 10,63","potency":"","ifap":"","image":"https://cdn.shop-apotheke.com/images/avene-thermalwasserspray-spray-D08762086-p1.jpg","hasImage":true,"deeplink":"beauty/8762086/avene-thermalwasserspray.htm","applicablePromotions":"","variantDetails":"00850141|08762086|20|300 ml|846|beauty/8762086/avene-thermalwasserspray.htm|product.stockStatus.available","stockStatus":"","stockStatusReason":"product.stockStatus.available","inStock":true,"pricePerUnit":"28,20 € / l","discountInPercent":20,"created":1445176517000,"lastChanged":1598571159000,"ratingsLink":"/produktbewertungen/8762086/avene-thermalwasserspray.htm","ean":"3282779003131","RPMultiplier":1,"ribbonText":"","primaryCategory":["Die Online-Apotheke für Deutschland","Die Online-Apotheke für Deutschland/Beauty & Pflege","Die Online-Apotheke für Deutschland/Beauty & Pflege/Pflegende Kosmetik","Die Online-Apotheke für Deutschland/Beauty & Pflege/Pflegende Kosmetik/Avène","Die Online-Apotheke für Deutschland/Beauty & Pflege/Pflegende Kosmetik/Avène/Basislinie"],"topsellerCountBucket":11,"filterAttributes":[],"filterRating":0.15,"packSize":"300 ml","variants":[{"id":"00850141","text":"Reines Thermalwasser ohne Zusatzstoffe mit hautberuhigenden, reizlindernden und entzündungshemmenden Eigenschaften","webDetailPath":"beauty/850141/avene-thermalwasserspray.htm","stock":"product.stockStatus.available","active":true,"discount":"11","retailPrice":"255","listPrice":"288","packSize":"50 ml","nowProductGroup":"sameday_nextday","attributes":[],"productName":"Avène Thermalwasserspray","pricePerUnit":"5,10 € / 100 ml","imageUrl":"https://cdn.shop-apotheke.com/images/avene-thermalwasserspray-spray-D00850141-p1.jpg","pharmaForm":"Spray","ribbonText":"","RPMultiplier":"1"},{"id":"04396609","text":"Reines Thermalwasser ohne Zusatzstoffe mit hautberuhigenden, reizlindernden und entzündungshemmenden Eigenschaften","webDetailPath":"beauty/4396609/avene-thermalwasserspray.htm","stock":"product.stockStatus.available","active":false,"discount":"13","retailPrice":"758","listPrice":"868","packSize":"150 ml","nowProductGroup":"sameday_nextday","attributes":[],"productName":"Avène Thermalwasserspray","pricePerUnit":"5,05 € / 100 ml","imageUrl":"https://cdn.shop-apotheke.com/images/avene-thermalwasserspray-spray-D04396609-p1.jpg","pharmaForm":"Spray","ribbonText":"","RPMultiplier":"1"},{"id":"08762086","text":"Reines Thermalwasser ohne Zusatzstoffe mit hautberuhigenden, reizlindernden und entzündungshemmenden Eigenschaften","webDetailPath":"beauty/8762086/avene-thermalwasserspray.htm","stock":"product.stockStatus.available","active":false,"discount":"20","retailPrice":"846","listPrice":"1063","packSize":"300 ml","nowProductGroup":"sameday_nextday","attributes":[],"productName":"Avène Thermalwasserspray","pricePerUnit":"28,20 € / l","imageUrl":"https://cdn.shop-apotheke.com/images/avene-thermalwasserspray-spray-D08762086-p1.jpg","pharmaForm":"Spray","ribbonText":"","RPMultiplier":"1"},{"id":"05731926","text":"Hautberuhigende, reizlindernde und entzündungs­hemmende Basispflege (300ml + 50 ml GRATIS)","webDetailPath":"beauty/5731926/avene-thermalwasser-spray.htm","stock":"product.stockStatus.nl","active":false,"discount":"20","retailPrice":"853","listPrice":"1063","packSize":"300 ml","nowProductGroup":"sameday_nextday","attributes":[],"productName":"Avène Thermalwasser Spray","pricePerUnit":"28,43 € / l","imageUrl":"https://cdn.shop-apotheke.com/images/avene-thermalwasser-spray-spray-D05731926-p1.jpg","pharmaForm":"Spray","ribbonText":"","RPMultiplier":"1"}],"master":false,"marketplace":true,"nowProductGroup":"sameday_nextday","notOnStockMessage":"","stockStatusColor":"green","categoryCodes":["csd00398","csd01229","csd00408","csd02014","csd02764","csd02768","csd02769","csd02770","csd02771","csd02772","root","catalogs","main","brandshop","csd2060","csd02788","csd00001","csd01434","csd01454","csd02835","csd02836","csd02271","csd02859","csd02863","landingpages","csd03103","csd02968","csd03288","csd03289","csd03477","csd03489","csd03525","csd03646","csd03642","csd03648","csd03682","csd04411","csd2062"],"prices":{"listPrice":{"amount":10.63,"net":9.16,"currency":"EUR","info":{"index":1,"text":"AVP / UVP"}},"retailPrice":{"amount":8.46,"net":7.29,"currency":"EUR","info":{"index":1,"text":"AVP / UVP"}}},"calculatedRatingRanking":4.2,"objectID":"08762086","_highlightResult":{"activeSubstances":[{"value":"<ais-highlight-0000000000>A</ais-highlight-0000000000>vene-Thermalwasser","matchLevel":"full","fullyHighlighted":false,"matchedWords":["a"]}]},"_rankingInfo":{"nbTypos":0,"firstMatchedWord":0,"proximityDistance":0,"userScore":244,"geoDistance":0,"geoPrecision":1,"nbExactWords":0,"words":1,"filters":1,"personalization":{"score":0,"rankingScore":0,"filtersScore":0,"textualRelevanceBucket":1,"initialPosition":156,"newPosition":156}}},{"brandCode":"csd03158","pzn":"08101150","productName":"nu3 Performance Whey, Vanille - Proteinpulver","secondaryCategories":["Protein","Whey","Geschenke für Sie & Ihn","Geschenke für Ihn","Valentinstag-Special","Valentinstagsgeschenke für Männer","Oster-Special","Geschenke für Ihn","Markenshops","nu3","Black Friday®","Geschenke für Ihn","Black Friday®","Black Friday RedPoints","Landingpages","Vorsatz: Sport","Landingpages","Adventskalender Türchen 18: nu3 Produkte","Landingpages","Abo Produkte","nu3","nu3 Fitness","Supplement Marken","nu3","Healthy Deals","Healthy Deals Aktionsprodukte","Healthy Deals","Healthy Deals Ernährung, Sport & Abnehmen","Landingpages","Healthy Deals App-Angebote"],"manufacturer":"nu3 GmbH","pharmaForm":"Pulver","brand":"Nu3","brandIntern":"nu3","subBrandIntern":"","activeSubstances":[],"additiveSubstances":[],"additiveSubstancesHtml":"","descriptionShort":"Hochwertiges Whey-Proteinkonzentrat & -isolat für Muskelaufbau und Definition","keywords":["Whey Protein Molke Pulver","Molkenpulver","Molkepulver","Molkeneiweiß","Molkeeiweiß","Proteinpulver","Eiweißpulver"],"unit":"g","unitQuantityString":"1000","masterID":"08101150","indicationRanges":[],"ratingCount":13,"averageRating":4.85,"attributes":["vegetarisch","Lebensmittel","ABO"],"prescriptionMedicine":false,"price":2204,"listPrice":0,"netRetailPrice":2099,"priceFormatted":"€ 22,04","listPriceFormatted":"","potency":"","ifap":"","image":"https://cdn.shop-apotheke.com/images/nu3-performance-whey-vanille-proteinpulver-pulver-D08101150-p1.jpg","hasImage":true,"deeplink":"fitness/8101150/nu3-performance-whey-vanille-proteinpulver.htm","applicablePromotions":"","variantDetails":"08101150|08101150|0|1000 g|2204|fitness/8101150/nu3-performance-whey-vanille-proteinpulver.htm|product.stockStatus.available","stockStatus":"","stockStatusReason":"product.stockStatus.available","inStock":true,"pricePerUnit":"22,04 € / kg","discountInPercent":0,"created":1533731752000,"lastChanged":1598570948000,"ratingsLink":"/produktbewertungen/8101150/nu3-performance-whey-vanille-proteinpulver.htm","ean":"4260289446517","RPMultiplier":1,"ribbonText":"","primaryCategory":["Die Online-Apotheke für Deutschland","Die Online-Apotheke für Deutschland/Ernährung, Sport & Abnehmen","Die Online-Apotheke für Deutschland/Ernährung, Sport & Abnehmen/Sport & Fitness","Die Online-Apotheke für Deutschland/Ernährung, Sport & Abnehmen/Sport & Fitness/Protein","Die Online-Apotheke für Deutschland/Ernährung, Sport & Abnehmen/Sport & Fitness/Protein/Proteinshakes"],"topsellerCountBucket":11,"filterAttributes":["vegetarisch","Lebensmittel","ABO"],"filterRating":0.15,"packSize":"1000 g","variants":[{"id":"08101150","text":"Hochwertiges Whey-Proteinkonzentrat & -isolat für Muskelaufbau und Definition","webDetailPath":"fitness/8101150/nu3-performance-whey-vanille-proteinpulver.htm","stock":"product.stockStatus.available","active":true,"discount":"0","retailPrice":"2204","listPrice":"0","packSize":"1000 g","nowProductGroup":"none","attributes":["vegetarisch","Lebensmittel","ABO"],"productName":"nu3 Performance Whey, Vanille - Proteinpulver","pricePerUnit":"22,04 € / kg","imageUrl":"https://cdn.shop-apotheke.com/images/nu3-performance-whey-vanille-proteinpulver-pulver-D08101150-p1.jpg","pharmaForm":"Pulver","ribbonText":"","RPMultiplier":"1"}],"master":true,"marketplace":false,"nowProductGroup":"none","notOnStockMessage":"","stockStatusColor":"green","categoryCodes":["csd03575","csd00283","csd00295","csd03621","csd00001","csd01434","csd02352","csd02368","csd02678","csd02764","csd01447","csd02766","csd01435","csd02960","root","catalogs","main","brandshop","csd03207","csd03211","csd03011","csd03274","landingpages","csd03461","csd02968","csd03571","csd03635","csd02271","csd03670","csd03671","csd03689","csd03692","csd03693"],"prices":{"listPrice":null,"retailPrice":{"amount":22.04,"net":20.99,"currency":"EUR","info":{"index":1,"text":"AVP / UVP"}}},"calculatedRatingRanking":2.98,"objectID":"08101150","_rankingInfo":{"nbTypos":0,"firstMatchedWord":0,"proximityDistance":0,"userScore":243,"geoDistance":0,"geoPrecision":1,"nbExactWords":0,"words":1,"filters":1,"personalization":{"score":0,"rankingScore":0,"filtersScore":0,"textualRelevanceBucket":1,"initialPosition":157,"newPosition":157}}},{"brandCode":"csd2300","pzn":"08002408","productName":"Bepanthen® Augentropfen","secondaryCategories":["Auge","Trockene Augen","Geschenke Themenwelt","Gesundheit schenken","Geschenke nach Budget","Geschenke bis 30 Euro","Landingpages","SHOP APOTHEKE NOW!"],"manufacturer":"Bayer Vital GmbH","pharmaForm":"Augentropfen","brand":"Bepanthen","brandIntern":"Bepanthen®","subBrandIntern":"","activeSubstances":[],"additiveSubstances":[],"additiveSubstancesHtml":"","descriptionShort":"Helfen und lindern, wenn Augen trocken oder gereizt sind","keywords":[],"unit":"ml","unitQuantityString":"40X0,5","masterID":"00829388","indicationRanges":[],"ratingCount":102,"averageRating":4.85,"attributes":[],"prescriptionMedicine":false,"price":1813,"listPrice":0,"netRetailPrice":1563,"priceFormatted":"€ 18,13","listPriceFormatted":"","potency":"","ifap":"","image":"https://cdn.shop-apotheke.com/images/bepanthen-augentropfen-augentropfen-D08002408-p1.jpg","hasImage":true,"deeplink":"arzneimittel/8002408/bepanthen-augentropfen.htm","applicablePromotions":"promotion=Sparsets","variantDetails":"00829388|08002408|0|40X0,5 ml|1813|arzneimittel/8002408/bepanthen-augentropfen.htm|product.stockStatus.available","stockStatus":"","stockStatusReason":"product.stockStatus.available","inStock":true,"pricePerUnit":"90,65 € / 100 ml","discountInPercent":0,"created":1449823500000,"lastChanged":1598570852000,"ratingsLink":"/produktbewertungen/8002408/bepanthen-augentropfen.htm","ean":"","RPMultiplier":1,"ribbonText":"Sparset","primaryCategory":["Die Online-Apotheke für Deutschland","Die Online-Apotheke für Deutschland/Arzneimittel & weitere Produkte ","Die Online-Apotheke für Deutschland/Arzneimittel & weitere Produkte /Auge, Nase & Ohr","Die Online-Apotheke für Deutschland/Arzneimittel & weitere Produkte /Auge, Nase & Ohr/Auge","Die Online-Apotheke für Deutschland/Arzneimittel & weitere Produkte /Auge, Nase & Ohr/Auge/Augenreizungen"],"topsellerCountBucket":11,"filterAttributes":[],"filterRating":0.15,"packSize":"40X0,5 ml","variants":[{"id":"00829388","text":"Bei trockenen, geröteten, juckenden oder brennenden Augen","webDetailPath":"arzneimittel/829388/bepanthen-augentropfen.htm","stock":"product.stockStatus.available","active":true,"discount":"0","retailPrice":"954","listPrice":"0","packSize":"20X0,5 ml","nowProductGroup":"nextday","attributes":[],"productName":"Bepanthen® Augentropfen","pricePerUnit":"95,40 € / 100 ml","imageUrl":"https://cdn.shop-apotheke.com/images/bepanthen-augentropfen-augentropfen-D00829388-p1.jpg","pharmaForm":"Augentropfen","ribbonText":"","RPMultiplier":"1"},{"id":"08002408","text":"Helfen und lindern, wenn Augen trocken oder gereizt sind","webDetailPath":"arzneimittel/8002408/bepanthen-augentropfen.htm","stock":"product.stockStatus.available","active":false,"discount":"0","retailPrice":"1813","listPrice":"0","packSize":"40X0,5 ml","nowProductGroup":"nextday","attributes":[],"productName":"Bepanthen® Augentropfen","pricePerUnit":"90,65 € / 100 ml","imageUrl":"https://cdn.shop-apotheke.com/images/bepanthen-augentropfen-augentropfen-D08002408-p1.jpg","pharmaForm":"Augentropfen","ribbonText":"Sparset","RPMultiplier":"1"}],"master":false,"marketplace":true,"nowProductGroup":"nextday","notOnStockMessage":"","stockStatusColor":"green","categoryCodes":["csd00001","csd00020","csd00021","csd00023","csd00025","csd02764","csd02770","csd01458","csd02768","csd02833","root","catalogs","main","landingpages","csd03339"],"prices":{"listPrice":null,"retailPrice":{"amount":18.13,"net":15.63,"currency":"EUR","info":{"index":1,"text":"AVP / UVP"}}},"calculatedRatingRanking":4.08,"objectID":"08002408","_rankingInfo":{"nbTypos":0,"firstMatchedWord":0,"proximityDistance":0,"userScore":242,"geoDistance":0,"geoPrecision":1,"nbExactWords":0,"words":1,"filters":1,"personalization":{"score":0,"rankingScore":0,"filtersScore":0,"textualRelevanceBucket":1,"initialPosition":158,"newPosition":158}}},{"brandCode":"csd2910","pzn":"06589264","productName":"Sterillium® med Händedesinfektionsmittel","secondaryCategories":["Hausapotheke","Desinfektionsmittel","Krankenpflege","Desinfektionsmittel","Erkältung & Grippe","Desinfektion","Healthy Deals","RedPoints-Aktion"],"manufacturer":"PAUL HARTMANN AG","pharmaForm":"Lösung","brand":"Sterillium","brandIntern":"HARTMANN","subBrandIntern":"Sterillium®","activeSubstances":["Ethanol"],"additiveSubstances":["Propan-1-ol","Myristylalkohol","Butan-2-on","Wasser, gereinigtes","Glycerol 85%"],"additiveSubstancesHtml":"<ul><li>Propan-1-ol</li><li>Myristylalkohol</li><li>Butan-2-on</li><li>Wasser, gereinigtes</li><li>Glycerol 85%</li></ul>","descriptionShort":"Zur hygienischen und chirurgischen Händedesinfektion auf Ethanolbasis","keywords":[],"unit":"ml","unitQuantityString":"1000","masterID":"06589241","indicationRanges":["Antiseptika/ Desinfektionsmittel","Sonstige"],"ratingCount":13,"averageRating":4.85,"attributes":["Arzneimittel"],"prescriptionMedicine":false,"price":1599,"listPrice":2076,"netRetailPrice":1378,"priceFormatted":"€ 15,99","listPriceFormatted":"€ 20,76","potency":"","ifap":"","image":"https://cdn.shop-apotheke.com/images/sterillium-med-haendedesinfektionsmittel-loesung-D06589264-p1.jpg","hasImage":true,"deeplink":"arzneimittel/6589264/sterillium-med-haendedesinfektionsmittel.htm","applicablePromotions":"","variantDetails":"06589241|06589264|23|1000 ml|1599|arzneimittel/6589264/sterillium-med-haendedesinfektionsmittel.htm|product.stockStatus.available","stockStatus":"","stockStatusReason":"product.stockStatus.available","inStock":true,"pricePerUnit":"15,99 € / l","discountInPercent":23,"created":1445172950000,"lastChanged":1598570300000,"ratingsLink":"/produktbewertungen/6589264/sterillium-med-haendedesinfektionsmittel.htm","ean":"4031678052165","RPMultiplier":1,"ribbonText":"","primaryCategory":["Die Online-Apotheke für Deutschland","Die Online-Apotheke für Deutschland/Arzneimittel & weitere Produkte ","Die Online-Apotheke für Deutschland/Arzneimittel & weitere Produkte /Haus- & Reiseapotheke","Die Online-Apotheke für Deutschland/Arzneimittel & weitere Produkte /Haus- & Reiseapotheke/Erste Hilfe & Verbandmittel","Die Online-Apotheke für Deutschland/Arzneimittel & weitere Produkte /Haus- & Reiseapotheke/Erste Hilfe & Verbandmittel/Haut- & Wunddesinfektion"],"topsellerCountBucket":11,"filterAttributes":[],"filterRating":0.15,"packSize":"1000 ml","variants":[{"id":"06589241","text":"Zur hygienischen und chirurgischen Händedesinfektion auf Ethanolbasis","webDetailPath":"arzneimittel/6589241/sterillium-med.htm","stock":"product.stockStatus.nl","active":true,"discount":"17","retailPrice":"399","listPrice":"478","packSize":"100 ml","nowProductGroup":"none","attributes":["Arzneimittel"],"productName":"Sterillium® med","pricePerUnit":"3,99 € / 100 ml","imageUrl":"https://cdn.shop-apotheke.com/images/sterillium-med-loesung-D06589241-p1.jpg","pharmaForm":"Lösung","ribbonText":"","RPMultiplier":"1"},{"id":"06589258","text":"Zur hygienischen und chirurgischen Händedesinfektion auf Ethanolbasis","webDetailPath":"arzneimittel/6589258/sterillium-med-loesung.htm","stock":"product.stockStatus.available","active":false,"discount":"28","retailPrice":"834","listPrice":"1165","packSize":"500 ml","nowProductGroup":"sameday_nextday","attributes":["Arzneimittel"],"productName":"Sterillium® med Loesung","pricePerUnit":"16,68 € / l","imageUrl":"https://cdn.shop-apotheke.com/images/sterillium-med-loesung-loesung-D06589258-p1.jpg","pharmaForm":"Lösung","ribbonText":"","RPMultiplier":"1"},{"id":"06589264","text":"Zur hygienischen und chirurgischen Händedesinfektion auf Ethanolbasis","webDetailPath":"arzneimittel/6589264/sterillium-med-haendedesinfektionsmittel.htm","stock":"product.stockStatus.available","active":false,"discount":"23","retailPrice":"1599","listPrice":"2076","packSize":"1000 ml","nowProductGroup":"sameday_nextday","attributes":["Arzneimittel"],"productName":"Sterillium® med Händedesinfektionsmittel","pricePerUnit":"15,99 € / l","imageUrl":"https://cdn.shop-apotheke.com/images/sterillium-med-haendedesinfektionsmittel-loesung-D06589264-p1.jpg","pharmaForm":"Lösung","ribbonText":"","RPMultiplier":"1"}],"master":false,"marketplace":false,"nowProductGroup":"sameday_nextday","notOnStockMessage":"","stockStatusColor":"green","categoryCodes":["csd00001","csd00077","csd00078","csd00092","csd02753","csd00114","csd00195","csd03217","csd01434","csd02968","csd03288","csd00061","csd03649"],"prices":{"listPrice":{"amount":20.76,"net":17.9,"currency":"EUR","info":{"index":1,"text":"AVP / UVP"}},"retailPrice":{"amount":15.99,"net":13.78,"currency":"EUR","info":{"index":1,"text":"AVP / UVP"}}},"calculatedRatingRanking":2.98,"objectID":"06589264","_highlightResult":{"activeSubstances":[{"value":"Ethanol","matchLevel":"none","matchedWords":[]}]},"_rankingInfo":{"nbTypos":0,"firstMatchedWord":0,"proximityDistance":0,"userScore":241,"geoDistance":0,"geoPrecision":1,"nbExactWords":0,"words":1,"filters":1,"personalization":{"score":0,"rankingScore":0,"filtersScore":0,"textualRelevanceBucket":1,"initialPosition":159,"newPosition":159}}},{"brandCode":"csd01907","pzn":"04668723","productName":"Eucerin® Hyaluron-Filler Nachtpflege + 100ml Eucerin® DermatoCLEAN 3in1 Reinigungsfluid GRATIS","secondaryCategories":["Hautbedürfnisse","Anti-Age","Anti-Age","Hyaluron-Filler","Landingpages","Beauty-Topseller","Eucerin","Anti-Age","Geschenke für Sie & Ihn","Geschenke für Sie","Produktserien","Hyaluron Filler","Eucerin","Anti-Age","Landingpages","Beauty Topseller","Specials","Muttertags-Special","Valentinstag-Special","Valentinstagsgeschenke für Frauen","Oster-Special","Geschenke für Sie","Redirects","Geschenke für die Dame","Muttertags-Special","Muttertags-Geschenke","Landingpages","Beauty-Topseller: 10% Rabatt mit beauty2019 sichern!","Healthy Deals","Beauty Spar-Angebote","Landingpages","Unsere Topseller","Landingpages","Topseller","Landingpages","Topseller","Geschenke Themenwelt","Beauty schenken","Weihnachts-Special","Besonders bezaubernde Geschenksets","Geschenke aus der Apotheke","Geschenksets","Oster-Special","Geschenksets zu Ostern","Valentins-Special","Geschenksets für Sie & Ihn","Valentinstag-Special","Valentinstagsgeschenksets","Black Friday®","Geschenksets","Muttertags-Special","Geschenksets zum Muttertag","Landingpages","Adventskalender Türchen 15: Anti Age Produkte","UNSERE ADVENTS-ÜBERASCHUNG EXKLUSIV FÜR UNSERE BESTEN KUNDEN.","Advent 1","Black Friday®","Geschenke für Sie","Landingpages","Adventskalender Türchen 3","Landingpages","Ihre Adventsknüller am Samstag","Landingpages","Abo Produkte","Landingpages","SHOP APOTHEKE NOW!","Landingpages","Mai Aktion","Landingpages","Mai Kracher","Healthy Deals","Healthy Deals Beauty & Pflege","Landingpages","Healthy Deals App-Angebote"],"manufacturer":"Beiersdorf AG Eucerin","pharmaForm":"Creme","brand":"Eucerin","brandIntern":"Eucerin®","subBrandIntern":"HYALURONFILLER","activeSubstances":["Shea butter","Cocosglyceride, hydriert","Isopropyl palmitat","Dexpanthenol","Capryl glycol","Sojabohnen-Extrakt","Octyldodecanol","Hyaluronsäure, Natriumsalz"],"additiveSubstances":["Stearylalkohol","Trinatrium edetat","Glycerol stearat citrat","Acrylat/C10-30 alkylacrylat-Kreuzpolymer","Parfüm","Cetylalkohol","Methyl methacrylat-Kreuzpolymer","Hexan-1,2-diol","Triglyceride, mittelkettige","Wasser, gereinigtes","Butan-1,3-diol","Carbomer","Dimeticon","DL-α-Tocopherol","Phenoxyethanol","Glycerol"],"additiveSubstancesHtml":"<ul><li>Stearylalkohol</li><li>Trinatrium edetat</li><li>Glycerol stearat citrat</li><li>Acrylat/C10-30 alkylacrylat-Kreuzpolymer</li><li>Parfüm</li><li>Cetylalkohol</li><li>Methyl methacrylat-Kreuzpolymer</li><li>Hexan-1,2-diol</li><li>Triglyceride, mittelkettige</li><li>Wasser, gereinigtes</li><li>Butan-1,3-diol</li><li>Carbomer</li><li>Dimeticon</li><li>DL-α-Tocopherol</li><li>Phenoxyethanol</li><li>Glycerol</li></ul>","descriptionShort":"Glättet Falten und unterstützt den Regenerationsprozess der Haut im Schlaf","keywords":[],"unit":"ml","unitQuantityString":"50","masterID":"04668723","indicationRanges":["Kosmetika und Kinderpflegemittel","Haut-/ Haarpflege, Hautschutz"],"ratingCount":143,"averageRating":4.85,"attributes":["ABO"],"prescriptionMedicine":false,"price":2403,"listPrice":3145,"netRetailPrice":2072,"priceFormatted":"€ 24,03","listPriceFormatted":"€ 31,45","potency":"","ifap":"","image":"https://cdn.shop-apotheke.com/images/eucerin-hyaluron-filler-nachtpflege-creme-D04668723-p1.jpg","hasImage":true,"deeplink":"beauty/4668723/eucerin-hyaluron-filler-nachtpflege.htm","applicablePromotions":"promotion=1+1","variantDetails":"04668723|04668723|24|50 ml|2403|beauty/4668723/eucerin-hyaluron-filler-nachtpflege.htm|product.stockStatus.available","stockStatus":"","stockStatusReason":"product.stockStatus.available","inStock":true,"pricePerUnit":"48,06 € / 100 ml","discountInPercent":24,"created":1445171105000,"lastChanged":1598601665000,"ratingsLink":"/produktbewertungen/4668723/eucerin-hyaluron-filler-nachtpflege.htm","ean":"4005800634864","RPMultiplier":1,"ribbonText":"Aktion","primaryCategory":["Die Online-Apotheke für Deutschland","Die Online-Apotheke für Deutschland/Beauty & Pflege","Die Online-Apotheke für Deutschland/Beauty & Pflege/Dermatologische Hautpflege","Die Online-Apotheke für Deutschland/Beauty & Pflege/Dermatologische Hautpflege/Eucerin","Die Online-Apotheke für Deutschland/Beauty & Pflege/Dermatologische Hautpflege/Eucerin/Serien","Die Online-Apotheke für Deutschland/Beauty & Pflege/Dermatologische Hautpflege/Eucerin/Serien/Hyaluron Filler"],"topsellerCountBucket":11,"filterAttributes":["ABO"],"filterRating":0.15,"packSize":"50 ml","variants":[{"id":"04668723","text":"Glättet Falten und unterstützt den Regenerationsprozess der Haut im Schlaf","webDetailPath":"beauty/4668723/eucerin-hyaluron-filler-nachtpflege.htm","stock":"product.stockStatus.available","active":true,"discount":"24","retailPrice":"2403","listPrice":"3145","packSize":"50 ml","nowProductGroup":"sameday_nextday","attributes":["ABO"],"productName":"Eucerin® Hyaluron-Filler Nachtpflege + 100ml Eucerin® DermatoCLEAN 3in1 Reinigungsfluid GRATIS","pricePerUnit":"48,06 € / 100 ml","imageUrl":"https://cdn.shop-apotheke.com/images/eucerin-hyaluron-filler-nachtpflege-creme-D04668723-p1.jpg","pharmaForm":"Creme","ribbonText":"Aktion","RPMultiplier":"1"}],"master":true,"marketplace":false,"nowProductGroup":"sameday_nextday","notOnStockMessage":"","stockStatusColor":"green","categoryCodes":["csd00398","csd00499","csd00551","csd02142","csd02152","csd00615","csd00616","csd02320","csd01439","csd01446","csd01448","csd00001","csd01434","csd01450","csd02764","csd01457","csd02166","csd02271","csd02276","csd02352","csd02369","csd01447","csd02765","csd02770","csd02772","csd01454","csd02776","csd02956","csd01435","csd02959","root","catalogs","main","landingpages","csd02996","csd03054","csd03055","csd03273","csd02968","csd03289","csd03337","csd03339","brandshop","csd1846","csd03383","csd03393","csd03461","csd03477","csd03489","csd03570","csd03574","csd03646","csd03642","csd03647","csd03648","csd03669","csd03676","csd03680","csd03692","csd03995","csd03997","csd1847","csd1850"],"prices":{"listPrice":{"amount":31.45,"net":27.11,"currency":"EUR","info":{"index":1,"text":"AVP / UVP"}},"retailPrice":{"amount":24.03,"net":20.72,"currency":"EUR","info":{"index":1,"text":"AVP / UVP"}}},"calculatedRatingRanking":4.24,"objectID":"04668723","_highlightResult":{"activeSubstances":[{"value":"Shea butter","matchLevel":"none","matchedWords":[]},{"value":"Cocosglyceride, hydriert","matchLevel":"none","matchedWords":[]},{"value":"Isopropyl palmitat","matchLevel":"none","matchedWords":[]},{"value":"Dexpanthenol","matchLevel":"none","matchedWords":[]},{"value":"Capryl glycol","matchLevel":"none","matchedWords":[]},{"value":"Sojabohnen-Extrakt","matchLevel":"none","matchedWords":[]},{"value":"Octyldodecanol","matchLevel":"none","matchedWords":[]},{"value":"Hyaluronsäure, Natriumsalz","matchLevel":"none","matchedWords":[]}]},"_rankingInfo":{"nbTypos":0,"firstMatchedWord":0,"proximityDistance":0,"userScore":240,"geoDistance":0,"geoPrecision":1,"nbExactWords":0,"words":1,"filters":1,"personalization":{"score":0,"rankingScore":0,"filtersScore":0,"textualRelevanceBucket":1,"initialPosition":160,"newPosition":160}}},{"brandCode":"csd02596","pzn":"02702315","productName":"WICK MediNait Erkältungssirup für die Nacht","secondaryCategories":["WICK","WICK MediNait","Landingpages","Aus farmaline wird shop-apotheke.com","RedPoints Aktionswoche - Gute Vorsätze","Beauty ","Black Friday®","30% und mehr","Landingpages","NOW! Erkältung","Landingpages","Flash Deal Erkaeltung","Landingpages","Unsere Topseller","Landingpages","Topseller","Landingpages","Topseller","Black Friday®","Erkältungs-Produkte","UNSERE ADVENTS-ÜBERASCHUNG EXKLUSIV FÜR UNSERE BESTEN KUNDEN.","Advent 3","Landingpages","SHOP APOTHEKE NOW!","Healthy Deals","Healthy Deals Reiseapotheke","Landingpages","Healthy Deals App-Angebote","Healthy Deals","RedPoints-Aktion","Landingpages","Top 100","Landingpages","RedPoints Moonlight Aktion"],"manufacturer":"Procter & Gamble GmbH","pharmaForm":"Sirup","brand":"WICK MediNait","brandIntern":"WICK","subBrandIntern":"MediNait","activeSubstances":["Paracetamol","Doxylamin hydrogensuccinat","Dextromethorphan hydrobromid-1-Wasser","Ephedrin hemisulfat"],"additiveSubstances":["Chinolingelb","Brillantblau FCF","Natriumbenzoat","Anethol","Wasser, gereinigtes","Natriumcitrat-2-Wasser","Saccharose","Citronensäure monohydrat","Macrogol 6000","Ethanol 96% (V/V)","Glycerol"],"additiveSubstancesHtml":"<ul><li>Chinolingelb</li><li>Brillantblau FCF</li><li>Natriumbenzoat</li><li>Anethol</li><li>Wasser, gereinigtes</li><li>Natriumcitrat-2-Wasser</li><li>Saccharose</li><li>Citronensäure monohydrat</li><li>Macrogol 6000</li><li>Ethanol 96% (V/V)</li><li>Glycerol</li></ul>","descriptionShort":"Zur Bekämpfung von Erkältungsbeschwerden über Nacht","keywords":["wickmedinight","erkältung","grippe","grippalerInfekt"],"unit":"ml","unitQuantityString":"90","masterID":"02702315","indicationRanges":["Atemwegskrankheiten und grippale Infekte","Mittel bei grippalen Infekten","Fieber-/ Schnupfenmittel mit Antitussiva"],"ratingCount":369,"averageRating":4.85,"attributes":["apothekenpflichtig","Arzneimittel"],"prescriptionMedicine":false,"price":924,"listPrice":1315,"netRetailPrice":797,"priceFormatted":"€ 9,24","listPriceFormatted":"€ 13,15","potency":"","ifap":"","image":"https://cdn.shop-apotheke.com/images/wick-medinait-erkaeltungssirup-fuer-die-nacht-sirup-D02702315-p1.jpg","hasImage":true,"deeplink":"arzneimittel/2702315/wick-medinait-erkaeltungssirup-fuer-die-nacht.htm","applicablePromotions":"","variantDetails":"02702315|02702315|30|90 ml|924|arzneimittel/2702315/wick-medinait-erkaeltungssirup-fuer-die-nacht.htm|product.stockStatus.available","stockStatus":"","stockStatusReason":"product.stockStatus.available","inStock":true,"pricePerUnit":"10,27 € / 100 ml","discountInPercent":30,"created":1445171104000,"lastChanged":1598569215000,"ratingsLink":"/produktbewertungen/2702315/wick-medinait-erkaeltungssirup-fuer-die-nacht.htm","ean":"4015600146900","RPMultiplier":1,"ribbonText":"","primaryCategory":["Die Online-Apotheke für Deutschland","Die Online-Apotheke für Deutschland/Arzneimittel & weitere Produkte ","Die Online-Apotheke für Deutschland/Arzneimittel & weitere Produkte /Erkältung & Grippe","Die Online-Apotheke für Deutschland/Arzneimittel & weitere Produkte /Erkältung & Grippe/Grippale Infekte"],"topsellerCountBucket":11,"filterAttributes":[],"filterRating":0.15,"packSize":"90 ml","variants":[{"id":"02702315","text":"Zur Bekämpfung von Erkältungsbeschwerden über Nacht","webDetailPath":"arzneimittel/2702315/wick-medinait-erkaeltungssirup-fuer-die-nacht.htm","stock":"product.stockStatus.available","active":true,"discount":"30","retailPrice":"924","listPrice":"1315","packSize":"90 ml","nowProductGroup":"sameday_nextday","attributes":["apothekenpflichtig","Arzneimittel"],"productName":"WICK MediNait Erkältungssirup für die Nacht","pricePerUnit":"10,27 € / 100 ml","imageUrl":"https://cdn.shop-apotheke.com/images/wick-medinait-erkaeltungssirup-fuer-die-nacht-sirup-D02702315-p1.jpg","pharmaForm":"Sirup","ribbonText":"","RPMultiplier":"1"},{"id":"01689009","text":"Zur Bekämpfung von Erkältungsbeschwerden über Nacht","webDetailPath":"arzneimittel/1689009/wick-medinait-erkaeltungssirup-fuer-die-nacht.htm","stock":"product.stockStatus.available","active":false,"discount":"35","retailPrice":"1330","listPrice":"2046","packSize":"180 ml","nowProductGroup":"nextday","attributes":["apothekenpflichtig","Arzneimittel"],"productName":"WICK MediNait Erkältungssirup für die Nacht","pricePerUnit":"7,39 € / 100 ml","imageUrl":"https://cdn.shop-apotheke.com/images/wick-medinait-erkaeltungssirup-fuer-die-nacht-sirup-D01689009-p1.jpg","pharmaForm":"Sirup","ribbonText":"","RPMultiplier":"1"}],"master":true,"marketplace":true,"nowProductGroup":"sameday_nextday","notOnStockMessage":"","stockStatusColor":"green","categoryCodes":["csd00001","csd00061","csd00065","root","catalogs","main","landingpages","csd01702","csd01434","csd02271","csd02859","csd02862","csd03040","csd03171","csd03172","csd03273","csd02968","csd03288","csd03339","csd03341","csd03461","csd03516","csd03524","csd03569","csd03646","csd03644","csd03647","csd03648","brandshop","csd1816","csd1822"],"prices":{"listPrice":{"amount":13.15,"net":11.34,"currency":"EUR","info":{"index":1,"text":"AVP / UVP"}},"retailPrice":{"amount":9.24,"net":7.97,"currency":"EUR","info":{"index":1,"text":"AVP / UVP"}}},"calculatedRatingRanking":4.57,"objectID":"02702315","_highlightResult":{"activeSubstances":[{"value":"Paracetamol","matchLevel":"none","matchedWords":[]},{"value":"Doxylamin hydrogensuccinat","matchLevel":"none","matchedWords":[]},{"value":"Dextromethorphan hydrobromid-1-Wasser","matchLevel":"none","matchedWords":[]},{"value":"Ephedrin hemisulfat","matchLevel":"none","matchedWords":[]}]},"_rankingInfo":{"nbTypos":0,"firstMatchedWord":0,"proximityDistance":0,"userScore":239,"geoDistance":0,"geoPrecision":1,"nbExactWords":0,"words":1,"filters":1,"personalization":{"score":0,"rankingScore":0,"filtersScore":0,"textualRelevanceBucket":1,"initialPosition":161,"newPosition":161}}},{"brandCode":"csd2412","pzn":"15199958","productName":"Femibion® 0 BabyPlanung","secondaryCategories":["Black Friday®","Black Friday RedPoints","Valentinstag-Special","Zeit für Liebe","Geschenke für Sie & Ihn","Geschenke für Sie","Specials","Muttertags-Special","Valentinstag-Special","Valentinstagsgeschenke für Frauen","Oster-Special","Geschenke für Sie","Redirects","Geschenke für die Dame","Muttertags-Special","Muttertags-Geschenke","Landingpages","Abo Produkte"],"manufacturer":"P&G Health Germany GmbH","pharmaForm":"Tabletten","brand":"Femibion","brandIntern":"Femibion®","subBrandIntern":"0","activeSubstances":["Folsäure","Calcium-L-methyltetrahydrofolat","Kaliumiodid","Cyanocobalamin","Colecalciferol","Riboflavin","Pyridoxin hydrochlorid","DL-α-Tocopherol acetat"],"additiveSubstances":["Hyprolose","Maltodextrin","Hypromellose","Eisenoxide und -hydroxide","Siliciumdioxid","Cellulose","Speisefettsäuren, Magnesiumsalze","Palmöl","Calcium ascorbat","Saccharose","Maisstärke","Titandioxid","Glycerol"],"additiveSubstancesHtml":"<ul><li>Hyprolose</li><li>Maltodextrin</li><li>Hypromellose</li><li>Eisenoxide und -hydroxide</li><li>Siliciumdioxid</li><li>Cellulose</li><li>Speisefettsäuren, Magnesiumsalze</li><li>Palmöl</li><li>Calcium ascorbat</li><li>Saccharose</li><li>Maisstärke</li><li>Titandioxid</li><li>Glycerol</li></ul>","descriptionShort":"Mit Folat, Vitaminen und Jod","keywords":["Kinderwunsch","Schwangerschaftswunsch","Schwangerschaft","femibion"],"unit":"St","unitQuantityString":"56","masterID":"15199941","indicationRanges":["Vitamine","Multivitamine","Kombinationen mit Mineralstoffen"],"ratingCount":77,"averageRating":4.84,"attributes":["Lebensmittel","Nahrungsergänzungsmittel","ABO"],"prescriptionMedicine":false,"price":2262,"listPrice":2943,"netRetailPrice":2154,"priceFormatted":"€ 22,62","listPriceFormatted":"€ 29,43","potency":"","ifap":"","image":"https://cdn.shop-apotheke.com/images/femibion-0-babyplanung-tabletten-D15199958-p1.jpg","hasImage":true,"deeplink":"baby/15199958/femibion-0-babyplanung.htm","applicablePromotions":"","variantDetails":"15199941|15199958|23|56 St|2262|baby/15199958/femibion-0-babyplanung.htm|product.stockStatus.available","stockStatus":"","stockStatusReason":"product.stockStatus.available","inStock":true,"pricePerUnit":"","discountInPercent":23,"created":1570171575000,"lastChanged":1598572771000,"ratingsLink":"/produktbewertungen/15199958/femibion-0-babyplanung.htm","ean":"4054839695513","RPMultiplier":1,"ribbonText":"","primaryCategory":["Die Online-Apotheke für Deutschland","Die Online-Apotheke für Deutschland/Baby & Familie","Die Online-Apotheke für Deutschland/Baby & Familie/Kinderwunsch","Die Online-Apotheke für Deutschland/Baby & Familie/Kinderwunsch/Nahrungsergänzungsmittel"],"topsellerCountBucket":11,"filterAttributes":["Lebensmittel","Nahrungsergänzungsmittel","ABO"],"filterRating":0.16,"packSize":"56 St","variants":[{"id":"15199941","text":"Mit Folat, Vitaminen und Jod","webDetailPath":"baby/15199941/femibion-0-babyplanung.htm","stock":"product.stockStatus.available","active":true,"discount":"16","retailPrice":"1408","listPrice":"1667","packSize":"28 St","nowProductGroup":"sameday_nextday","attributes":["Lebensmittel","Nahrungsergänzungsmittel","ABO"],"productName":"Femibion® 0 BabyPlanung","pricePerUnit":"","imageUrl":"https://cdn.shop-apotheke.com/images/femibion-0-babyplanung-tabletten-D15199941-p1.jpg","pharmaForm":"Tabletten","ribbonText":"","RPMultiplier":"1"},{"id":"15199958","text":"Mit Folat, Vitaminen und Jod","webDetailPath":"baby/15199958/femibion-0-babyplanung.htm","stock":"product.stockStatus.available","active":false,"discount":"23","retailPrice":"2262","listPrice":"2943","packSize":"56 St","nowProductGroup":"nextday","attributes":["Lebensmittel","Nahrungsergänzungsmittel","ABO"],"productName":"Femibion® 0 BabyPlanung","pricePerUnit":"","imageUrl":"https://cdn.shop-apotheke.com/images/femibion-0-babyplanung-tabletten-D15199958-p1.jpg","pharmaForm":"Tabletten","ribbonText":"","RPMultiplier":"1"}],"master":false,"marketplace":true,"nowProductGroup":"nextday","notOnStockMessage":"","stockStatusColor":"green","categoryCodes":["csd00362","csd00388","csd02298","csd02320","csd01439","csd00001","csd01434","csd01450","csd02352","csd02369","csd02764","csd01447","csd02765","csd01435","csd02959","csd03055","csd02271","csd03671","root","catalogs","main","landingpages","csd03692","csd03697"],"prices":{"listPrice":{"amount":29.43,"net":28.03,"currency":"EUR","info":{"index":1,"text":"AVP / UVP"}},"retailPrice":{"amount":22.62,"net":21.54,"currency":"EUR","info":{"index":1,"text":"AVP / UVP"}}},"calculatedRatingRanking":3.92,"objectID":"15199958","_highlightResult":{"activeSubstances":[{"value":"Folsäure","matchLevel":"none","matchedWords":[]},{"value":"Calcium-L-methyltetrahydrofolat","matchLevel":"none","matchedWords":[]},{"value":"Kaliumiodid","matchLevel":"none","matchedWords":[]},{"value":"Cyanocobalamin","matchLevel":"none","matchedWords":[]},{"value":"Colecalciferol","matchLevel":"none","matchedWords":[]},{"value":"Riboflavin","matchLevel":"none","matchedWords":[]},{"value":"Pyridoxin hydrochlorid","matchLevel":"none","matchedWords":[]},{"value":"DL-α-Tocopherol <ais-highlight-0000000000>a</ais-highlight-0000000000>cetat","matchLevel":"full","fullyHighlighted":false,"matchedWords":["a"]}]},"_rankingInfo":{"nbTypos":0,"firstMatchedWord":0,"proximityDistance":0,"userScore":238,"geoDistance":0,"geoPrecision":1,"nbExactWords":0,"words":1,"filters":1,"personalization":{"score":0,"rankingScore":0,"filtersScore":0,"textualRelevanceBucket":1,"initialPosition":162,"newPosition":162}}},{"brandCode":"csd2711","pzn":"09285547","productName":"Sinupret® extract","secondaryCategories":["Pflanzlich","Grippale Infekte","RedPoints Aktionswoche - Gute Vorsätze","Beauty ","Erkältung & Grippe","Grippale Infekte","Erkältung & Grippe","Nasennebenhöhlen","Black Friday®","30% und mehr","Landingpages","Unsere Topseller","Landingpages","Topseller","Landingpages","Topseller","Black Friday®","Erkältungs-Produkte","UNSERE ADVENTS-ÜBERASCHUNG EXKLUSIV FÜR UNSERE BESTEN KUNDEN.","Advent 3","UNSERE ADVENTS-ÜBERASCHUNG EXKLUSIV FÜR UNSERE BESTEN KUNDEN.","Advent 2","Landingpages","SHOP APOTHEKE NOW!","Landingpages","Top 100"],"manufacturer":"Bionorica SE","pharmaForm":"Überzogene Tabletten","brand":"Sinupret extract","brandIntern":"Sinupret®","subBrandIntern":"extract","activeSubstances":["Primelblüten-Trockenextrakt","Sauerampferkraut-Trockenextrakt","Eisenkraut-Trockenextrakt","Enzianwurzel-Trockenextrakt","Holunderblüten-Trockenextrakt"],"additiveSubstances":["Stearinsäure","Maltodextrin","Hypromellose","Carnaubawachs","Siliciumdioxid, hochdisperses","Siliciumdioxid, hochdispers, amorph, hydrophob","Cellulosepulver","Cellulose, mikrokristalline","Chlorophyll","Glucose-Lösung","Maisdextrin","Magnesium stearat (pflanzlich)","Riboflavin","Saccharose","Titandioxid","Arabisches Gummi, sprühgetrocknet","Indigodisulfonsäure, Aluminiumsalz","Calciumcarbonat","Talkum"],"additiveSubstancesHtml":"<ul><li>Stearinsäure</li><li>Maltodextrin</li><li>Hypromellose</li><li>Carnaubawachs</li><li>Siliciumdioxid, hochdisperses</li><li>Siliciumdioxid, hochdispers, amorph, hydrophob</li><li>Cellulosepulver</li><li>Cellulose, mikrokristalline</li><li>Chlorophyll</li><li>Glucose-Lösung</li><li>Maisdextrin</li><li>Magnesium stearat (pflanzlich)</li><li>Riboflavin</li><li>Saccharose</li><li>Titandioxid</li><li>Arabisches Gummi, sprühgetrocknet</li><li>Indigodisulfonsäure, Aluminiumsalz</li><li>Calciumcarbonat</li><li>Talkum</li></ul>","descriptionShort":"Bei akuten, unkomplizierten Entzündungen der Nasennebenhöhlen","keywords":[],"unit":"St","unitQuantityString":"40","masterID":"09285530","indicationRanges":["Atemwegskrankheiten und grippale Infekte","Phytopharmaka","Rhinologika"],"ratingCount":262,"averageRating":4.84,"attributes":["apothekenpflichtig","pflanzlich","Arzneimittel"],"prescriptionMedicine":false,"price":2133,"listPrice":2583,"netRetailPrice":1839,"priceFormatted":"€ 21,33","listPriceFormatted":"€ 25,83","potency":"","ifap":"Das Arzneimittel ist ein pflanzliches Arzneimittel bei Entzündungen der Nasennebenhöhlen. Es wird angewendet bei akuten, unkomplizierten Entzündungen der Nasennebenhöhlen.","image":"https://cdn.shop-apotheke.com/images/sinupret-extract-ueberzogene-tabletten-D09285547-p1.jpg","hasImage":true,"deeplink":"arzneimittel/9285547/sinupret-extract.htm","applicablePromotions":"","variantDetails":"09285530|09285547|17|40 St|2133|arzneimittel/9285547/sinupret-extract.htm|product.stockStatus.available","stockStatus":"","stockStatusReason":"product.stockStatus.available","inStock":true,"pricePerUnit":"","discountInPercent":17,"created":1445172609000,"lastChanged":1598571367000,"ratingsLink":"/produktbewertungen/9285547/sinupret-extract.htm","ean":"","RPMultiplier":1,"ribbonText":"","primaryCategory":["Die Online-Apotheke für Deutschland","Die Online-Apotheke für Deutschland/Arzneimittel & weitere Produkte ","Die Online-Apotheke für Deutschland/Arzneimittel & weitere Produkte /Auge, Nase & Ohr","Die Online-Apotheke für Deutschland/Arzneimittel & weitere Produkte /Auge, Nase & Ohr/Nase","Die Online-Apotheke für Deutschland/Arzneimittel & weitere Produkte /Auge, Nase & Ohr/Nase/Nasennebenhöhlen"],"topsellerCountBucket":11,"filterAttributes":["pflanzlich"],"filterRating":0.16,"packSize":"40 St","variants":[{"id":"09285530","text":"Bei akuten, unkomplizierten Entzündungen der Nasennebenhöhlen","webDetailPath":"arzneimittel/9285530/sinupret-extract.htm","stock":"product.stockStatus.available","active":true,"discount":"26","retailPrice":"1056","listPrice":"1428","packSize":"20 St","nowProductGroup":"nextday","attributes":["apothekenpflichtig","pflanzlich","Arzneimittel"],"productName":"Sinupret® extract","pricePerUnit":"","imageUrl":"https://cdn.shop-apotheke.com/images/sinupret-extract-ueberzogene-tabletten-D09285530-p1.jpg","pharmaForm":"Überzogene Tabletten","ribbonText":"","RPMultiplier":"1"},{"id":"09285547","text":"Bei akuten, unkomplizierten Entzündungen der Nasennebenhöhlen","webDetailPath":"arzneimittel/9285547/sinupret-extract.htm","stock":"product.stockStatus.available","active":false,"discount":"17","retailPrice":"2133","listPrice":"2583","packSize":"40 St","nowProductGroup":"nextday","attributes":["apothekenpflichtig","pflanzlich","Arzneimittel"],"productName":"Sinupret® extract","pricePerUnit":"","imageUrl":"https://cdn.shop-apotheke.com/images/sinupret-extract-ueberzogene-tabletten-D09285547-p1.jpg","pharmaForm":"Überzogene Tabletten","ribbonText":"","RPMultiplier":"1"}],"master":false,"marketplace":true,"nowProductGroup":"nextday","notOnStockMessage":"","stockStatusColor":"green","categoryCodes":["csd00001","csd00020","csd00028","csd00029","csd00061","csd00065","csd00850","csd00851","csd00884","csd00891","csd01574","csd01434","csd02271","csd02859","csd02862","root","catalogs","main","landingpages","csd03040","csd03171","csd03172","csd03273","csd03339","csd03646","csd03643","csd03644","csd03647","csd03648"],"prices":{"listPrice":{"amount":25.83,"net":22.27,"currency":"EUR","info":{"index":1,"text":"AVP / UVP"}},"retailPrice":{"amount":21.33,"net":18.39,"currency":"EUR","info":{"index":1,"text":"AVP / UVP"}}},"calculatedRatingRanking":4.47,"objectID":"09285547","_highlightResult":{"activeSubstances":[{"value":"Primelblüten-Trockenextrakt","matchLevel":"none","matchedWords":[]},{"value":"Sauerampferkraut-Trockenextrakt","matchLevel":"none","matchedWords":[]},{"value":"Eisenkraut-Trockenextrakt","matchLevel":"none","matchedWords":[]},{"value":"Enzianwurzel-Trockenextrakt","matchLevel":"none","matchedWords":[]},{"value":"Holunderblüten-Trockenextrakt","matchLevel":"none","matchedWords":[]}]},"_rankingInfo":{"nbTypos":0,"firstMatchedWord":0,"proximityDistance":0,"userScore":237,"geoDistance":0,"geoPrecision":1,"nbExactWords":0,"words":1,"filters":1,"personalization":{"score":0,"rankingScore":0,"filtersScore":0,"textualRelevanceBucket":1,"initialPosition":163,"newPosition":163}}},{"brandCode":"csd2497","pzn":"07291897","productName":"ipalat® Halspastillen zuckerfrei","secondaryCategories":["Pflanzlich","Halsschmerzen","Erkältung & Grippe","Halsschmerzen","Landingpages","Flash Deal Erkaeltung","Erkältung & Grippe","Stimmprobleme","Landingpages","Gesund durch den Karneval","Landingpages","SHOP APOTHEKE NOW!","Landingpages","Top 100"],"manufacturer":"Dr. Pfleger Arzneimittel GmbH","pharmaForm":"Pastillen","brand":"ipalat zuckerfrei","brandIntern":"ipalat®","subBrandIntern":"","activeSubstances":["Primelwurzel-Extrakt"],"additiveSubstances":[],"additiveSubstancesHtml":"","descriptionShort":"Wohltuend bei Reizungen in Hals und Rachen","keywords":[],"unit":"St","unitQuantityString":"160","masterID":"03991095","indicationRanges":["Mund-/ Rachentherapeutika und Zahnpflege","Phytopharmaka"],"ratingCount":158,"averageRating":4.84,"attributes":["Lebensmittel","pflanzlich"],"prescriptionMedicine":false,"price":1607,"listPrice":1999,"netRetailPrice":1530,"priceFormatted":"€ 16,07","listPriceFormatted":"€ 19,99","potency":"","ifap":"","image":"https://cdn.shop-apotheke.com/images/ipalat-halspastillen-zuckerfrei-pastillen-D07291897-p1.jpg","hasImage":true,"deeplink":"arzneimittel/7291897/ipalat-halspastillen-zuckerfrei.htm","applicablePromotions":"","variantDetails":"03991095|07291897|20|160 St|1607|arzneimittel/7291897/ipalat-halspastillen-zuckerfrei.htm|product.stockStatus.available","stockStatus":"","stockStatusReason":"product.stockStatus.available","inStock":true,"pricePerUnit":"","discountInPercent":20,"created":1445171101000,"lastChanged":1598578315000,"ratingsLink":"/produktbewertungen/7291897/ipalat-halspastillen-zuckerfrei.htm","ean":"4028305000873","RPMultiplier":1,"ribbonText":"","primaryCategory":["Die Online-Apotheke für Deutschland","Die Online-Apotheke für Deutschland/Arzneimittel & weitere Produkte ","Die Online-Apotheke für Deutschland/Arzneimittel & weitere Produkte /Schmerzen","Die Online-Apotheke für Deutschland/Arzneimittel & weitere Produkte /Schmerzen/Halsschmerzen"],"topsellerCountBucket":11,"filterAttributes":["Lebensmittel","pflanzlich"],"filterRating":0.16,"packSize":"160 St","variants":[{"id":"03991095","text":"Wohltuend bei Reizungen in Hals und Rachen","webDetailPath":"arzneimittel/3991095/ipalat-halspastillen-zuckerfrei.htm","stock":"product.stockStatus.available","active":true,"discount":"27","retailPrice":"424","listPrice":"579","packSize":"40 St","nowProductGroup":"sameday_nextday","attributes":["Lebensmittel","pflanzlich"],"productName":"ipalat® Halspastillen zuckerfrei","pricePerUnit":"","imageUrl":"https://cdn.shop-apotheke.com/images/ipalat-halspastillen-zuckerfrei-pastillen-D03991095-p1.jpg","pharmaForm":"Pastillen","ribbonText":"","RPMultiplier":"1"},{"id":"07291897","text":"Wohltuend bei Reizungen in Hals und Rachen","webDetailPath":"arzneimittel/7291897/ipalat-halspastillen-zuckerfrei.htm","stock":"product.stockStatus.available","active":false,"discount":"20","retailPrice":"1607","listPrice":"1999","packSize":"160 St","nowProductGroup":"sameday_nextday","attributes":["Lebensmittel","pflanzlich"],"productName":"ipalat® Halspastillen zuckerfrei","pricePerUnit":"","imageUrl":"https://cdn.shop-apotheke.com/images/ipalat-halspastillen-zuckerfrei-pastillen-D07291897-p1.jpg","pharmaForm":"Pastillen","ribbonText":"","RPMultiplier":"1"},{"id":"06159842","text":"Wohltuend bei Reizungen in Hals und Rachen","webDetailPath":"arzneimittel/6159842/ipalat-halspastillen-zuckerfrei.htm","stock":"product.stockStatus.available","active":false,"discount":"24","retailPrice":"3570","listPrice":"4669","packSize":"400 St","nowProductGroup":"nextday","attributes":["Lebensmittel","pflanzlich"],"productName":"ipalat® Halspastillen zuckerfrei","pricePerUnit":"","imageUrl":"https://cdn.shop-apotheke.com/images/ipalat-halspastillen-zuckerfrei-pastillen-D06159842-p1.jpg","pharmaForm":"Pastillen","ribbonText":"","RPMultiplier":"1"}],"master":false,"marketplace":true,"nowProductGroup":"sameday_nextday","notOnStockMessage":"","stockStatusColor":"green","categoryCodes":["csd00001","csd00269","csd00277","csd00061","csd00070","csd00850","csd00851","csd00884","csd00893","csd01057","root","catalogs","main","landingpages","csd03040","csd03339","csd03524","csd03716"],"prices":{"listPrice":{"amount":19.99,"net":19.04,"currency":"EUR","info":{"index":1,"text":"AVP / UVP"}},"retailPrice":{"amount":16.07,"net":15.3,"currency":"EUR","info":{"index":1,"text":"AVP / UVP"}}},"calculatedRatingRanking":4.28,"objectID":"07291897","_highlightResult":{"activeSubstances":[{"value":"Primelwurzel-Extrakt","matchLevel":"none","matchedWords":[]}]},"_rankingInfo":{"nbTypos":0,"firstMatchedWord":0,"proximityDistance":0,"userScore":236,"geoDistance":0,"geoPrecision":1,"nbExactWords":0,"words":1,"filters":1,"personalization":{"score":0,"rankingScore":0,"filtersScore":0,"textualRelevanceBucket":1,"initialPosition":164,"newPosition":164}}},{"brandCode":"csd2469","pzn":"06144964","productName":"HYLO®-GEL","secondaryCategories":["HYLO<sup>®</sup> EYE CARE","trockene Augen","Landingpages","Trockenes Auge","Black Friday®","30% und mehr","Landingpages","Abo Produkte","Landingpages","SHOP APOTHEKE NOW!"],"manufacturer":"URSAPHARM Arzneimittel GmbH","pharmaForm":"Augentropfen","brand":"Hylo Gel","brandIntern":"HYLO®","subBrandIntern":"Gel","activeSubstances":["Hyaluronsäure, Natriumsalz"],"additiveSubstances":["Wasser für Injektionszwecke","Natrium citrat","Citronensäure","Sorbitol"],"additiveSubstancesHtml":"<ul><li>Wasser für Injektionszwecke</li><li>Natrium citrat</li><li>Citronensäure</li><li>Sorbitol</li></ul>","descriptionShort":"Die Intensivbetreuung für trockene Augen","keywords":[],"unit":"ml","unitQuantityString":"2X10","masterID":"06079422","indicationRanges":["Ophthalmika","Verschiedene Ophthalmika","Künstliche Tränen"],"ratingCount":294,"averageRating":4.84,"attributes":["ABO"],"prescriptionMedicine":false,"price":2338,"listPrice":2822,"netRetailPrice":2016,"priceFormatted":"€ 23,38","listPriceFormatted":"€ 28,22","potency":"","ifap":"","image":"https://cdn.shop-apotheke.com/images/hylo-gel-augentropfen-D06144964-p1.jpg","hasImage":true,"deeplink":"arzneimittel/6144964/hylo-gel.htm","applicablePromotions":"","variantDetails":"06079422|06144964|17|2X10 ml|2338|arzneimittel/6144964/hylo-gel.htm|product.stockStatus.available","stockStatus":"","stockStatusReason":"product.stockStatus.available","inStock":true,"pricePerUnit":"116,90 € / 100 ml","discountInPercent":17,"created":1445172323000,"lastChanged":1598591765000,"ratingsLink":"/produktbewertungen/6144964/hylo-gel.htm","ean":"","RPMultiplier":1,"ribbonText":"","primaryCategory":["Die Online-Apotheke für Deutschland","Die Online-Apotheke für Deutschland/Arzneimittel & weitere Produkte ","Die Online-Apotheke für Deutschland/Arzneimittel & weitere Produkte /Auge, Nase & Ohr","Die Online-Apotheke für Deutschland/Arzneimittel & weitere Produkte /Auge, Nase & Ohr/Auge","Die Online-Apotheke für Deutschland/Arzneimittel & weitere Produkte /Auge, Nase & Ohr/Auge/Trockene Augen"],"topsellerCountBucket":11,"filterAttributes":["ABO"],"filterRating":0.16,"packSize":"2X10 ml","variants":[{"id":"06079422","text":"Die Intensivbetreuung für trockene Augen","webDetailPath":"arzneimittel/6079422/hylo-gel.htm","stock":"product.stockStatus.available","active":true,"discount":"11","retailPrice":"1468","listPrice":"1652","packSize":"10 ml","nowProductGroup":"sameday_nextday","attributes":[],"productName":"HYLO®-GEL","pricePerUnit":"146,80 € / 100 ml","imageUrl":"https://cdn.shop-apotheke.com/images/hylo-gel-augentropfen-D06079422-p1.jpg","pharmaForm":"Augentropfen","ribbonText":"","RPMultiplier":"1"},{"id":"06144964","text":"Die Intensivbetreuung für trockene Augen","webDetailPath":"arzneimittel/6144964/hylo-gel.htm","stock":"product.stockStatus.available","active":false,"discount":"17","retailPrice":"2338","listPrice":"2822","packSize":"2X10 ml","nowProductGroup":"nextday","attributes":["ABO"],"productName":"HYLO®-GEL","pricePerUnit":"116,90 € / 100 ml","imageUrl":"https://cdn.shop-apotheke.com/images/hylo-gel-augentropfen-D06144964-p1.jpg","pharmaForm":"Augentropfen","ribbonText":"","RPMultiplier":"1"}],"master":false,"marketplace":true,"nowProductGroup":"nextday","notOnStockMessage":"","stockStatusColor":"green","categoryCodes":["csd00001","csd00020","csd00021","csd00025","root","catalogs","main","landingpages","csd02477","csd01434","csd02271","csd02859","csd03339","csd03692","brandshop","csd1742","csd1743"],"prices":{"listPrice":{"amount":28.22,"net":24.33,"currency":"EUR","info":{"index":1,"text":"AVP / UVP"}},"retailPrice":{"amount":23.38,"net":20.16,"currency":"EUR","info":{"index":1,"text":"AVP / UVP"}}},"calculatedRatingRanking":4.5,"objectID":"06144964","_highlightResult":{"activeSubstances":[{"value":"Hyaluronsäure, Natriumsalz","matchLevel":"none","matchedWords":[]}]},"_rankingInfo":{"nbTypos":0,"firstMatchedWord":0,"proximityDistance":0,"userScore":235,"geoDistance":0,"geoPrecision":1,"nbExactWords":0,"words":1,"filters":1,"personalization":{"score":0,"rankingScore":0,"filtersScore":0,"textualRelevanceBucket":1,"initialPosition":165,"newPosition":165}}},{"brandCode":"csd2761","pzn":"01292358","productName":"Traumeel® S","secondaryCategories":["Äußerliche Anwendung","Schmerzgele & -salben","Schmerzen","Sportverletzungen","Muskeln, Knochen & Gelenke","Gelenkschmerzen","Schmerzen","Rückenschmerzen","Black Friday®","30% und mehr","Schmerzen","Muskel- & Gelenkschmerzen","Sportverletzung","Schmerzgel","Homöopathisch","Schmerzen","Landingpages","Topseller","UNSERE ADVENTS-ÜBERASCHUNG EXKLUSIV FÜR UNSERE BESTEN KUNDEN.","Advent 3","UNSERE ADVENTS-ÜBERASCHUNG EXKLUSIV FÜR UNSERE BESTEN KUNDEN.","Advent 2","Landingpages","SHOP APOTHEKE NOW!"],"manufacturer":"Biologische Heilmittel Heel GmbH","pharmaForm":"Creme","brand":"Traumeel S Creme","brandIntern":"Heel","subBrandIntern":"Traumeel®","activeSubstances":["Arnica montana D3","Symphytum officinale D4","Atropa belladonna D1","Chamomilla recutita Urtinktur","Echinacea angustifolia Urtinktur","Aconitum napellus D1","Bellis perennis Urtinktur","Hamamelis virginiana Urtinktur","Hypericum perforatum D6","Echinacea purpurea Urtinktur","Calendula officinalis Urtinktur","Achillea millefolium Urtinktur","Hepar sulfuris D6","Mercurius solubilis Hahnemanni D6"],"additiveSubstances":["Paraffin, dickflüssiges","Cetylstearylalkohol, emulgierender (Typ A)","Wasser, gereinigtes","Vaselin, weißes","Ethanol 96% (V/V)"],"additiveSubstancesHtml":"<ul><li>Paraffin, dickflüssiges</li><li>Cetylstearylalkohol, emulgierender (Typ A)</li><li>Wasser, gereinigtes</li><li>Vaselin, weißes</li><li>Ethanol 96% (V/V)</li></ul>","descriptionShort":"Homöopathisches Arzneimittel","keywords":[],"unit":"g","unitQuantityString":"100","masterID":"01292358","indicationRanges":["Homöopathika/ Anthroposophika ohne Indikationsangabe","Homöopathika"],"ratingCount":99,"averageRating":4.84,"attributes":["apothekenpflichtig","homöopathisch","Arzneimittel"],"prescriptionMedicine":false,"price":1094,"listPrice":1413,"netRetailPrice":943,"priceFormatted":"€ 10,94","listPriceFormatted":"€ 14,13","potency":"","ifap":"Registriertes homöopathisches Arzneimittel, daher ohne Angabe einer therapeutischen Indikation. Bei Fortdauer der Krankheitssymptome ist medizinischer Rat einzuholen.","image":"https://cdn.shop-apotheke.com/images/traumeel-s-creme-D01292358-p1.jpg","hasImage":true,"deeplink":"homoeopathie/1292358/traumeel-s.htm","applicablePromotions":"","variantDetails":"01292358|01292358|23|100 g|1094|homoeopathie/1292358/traumeel-s.htm|product.stockStatus.available","stockStatus":"","stockStatusReason":"product.stockStatus.available","inStock":true,"pricePerUnit":"10,94 € / 100 g","discountInPercent":23,"created":1445165436000,"lastChanged":1598579623000,"ratingsLink":"/produktbewertungen/1292358/traumeel-s.htm","ean":"4047642008489","RPMultiplier":1,"ribbonText":"","primaryCategory":["Die Online-Apotheke für Deutschland","Die Online-Apotheke für Deutschland/Homöopathie & Naturprodukte","Die Online-Apotheke für Deutschland/Homöopathie & Naturprodukte/Anwendungsgebiete","Die Online-Apotheke für Deutschland/Homöopathie & Naturprodukte/Anwendungsgebiete/Homöopathisch","Die Online-Apotheke für Deutschland/Homöopathie & Naturprodukte/Anwendungsgebiete/Homöopathisch/Muskeln, Knochen & Gelenke"],"topsellerCountBucket":11,"filterAttributes":["homöopathisch"],"filterRating":0.16,"packSize":"100 g","variants":[{"id":"01292358","text":"Homöopathisches Arzneimittel","webDetailPath":"homoeopathie/1292358/traumeel-s.htm","stock":"product.stockStatus.available","active":true,"discount":"23","retailPrice":"1094","listPrice":"1413","packSize":"100 g","nowProductGroup":"sameday_nextday","attributes":["apothekenpflichtig","homöopathisch","Arzneimittel"],"productName":"Traumeel® S","pricePerUnit":"10,94 € / 100 g","imageUrl":"https://cdn.shop-apotheke.com/images/traumeel-s-creme-D01292358-p1.jpg","pharmaForm":"Creme","ribbonText":"","RPMultiplier":"1"}],"master":true,"marketplace":true,"nowProductGroup":"sameday_nextday","notOnStockMessage":"","stockStatusColor":"green","categoryCodes":["csd00850","csd00851","csd00852","csd00873","csd00001","csd00269","csd00271","csd00274","csd00276","csd00281","csd00878","csd01042","csd00263","csd01121","csd03575","csd00283","csd03626","csd02283","csd01434","csd02271","csd02859","root","catalogs","main","landingpages","csd03339","csd03646","csd03643","csd03644","csd03648"],"prices":{"listPrice":{"amount":14.13,"net":12.18,"currency":"EUR","info":{"index":1,"text":"AVP / UVP"}},"retailPrice":{"amount":10.94,"net":9.43,"currency":"EUR","info":{"index":1,"text":"AVP / UVP"}}},"calculatedRatingRanking":4.05,"objectID":"01292358","_highlightResult":{"activeSubstances":[{"value":"<ais-highlight-0000000000>A</ais-highlight-0000000000>rnica montana D3","matchLevel":"full","fullyHighlighted":false,"matchedWords":["a"]},{"value":"Symphytum officinale D4","matchLevel":"none","matchedWords":[]},{"value":"<ais-highlight-0000000000>A</ais-highlight-0000000000>tropa belladonna D1","matchLevel":"full","fullyHighlighted":false,"matchedWords":["a"]},{"value":"Chamomilla recutita Urtinktur","matchLevel":"none","matchedWords":[]},{"value":"Echinacea <ais-highlight-0000000000>a</ais-highlight-0000000000>ngustifolia Urtinktur","matchLevel":"full","fullyHighlighted":false,"matchedWords":["a"]},{"value":"<ais-highlight-0000000000>A</ais-highlight-0000000000>conitum napellus D1","matchLevel":"full","fullyHighlighted":false,"matchedWords":["a"]},{"value":"Bellis perennis Urtinktur","matchLevel":"none","matchedWords":[]},{"value":"Hamamelis virginiana Urtinktur","matchLevel":"none","matchedWords":[]},{"value":"Hypericum perforatum D6","matchLevel":"none","matchedWords":[]},{"value":"Echinacea purpurea Urtinktur","matchLevel":"none","matchedWords":[]},{"value":"Calendula officinalis Urtinktur","matchLevel":"none","matchedWords":[]},{"value":"<ais-highlight-0000000000>A</ais-highlight-0000000000>chillea millefolium Urtinktur","matchLevel":"full","fullyHighlighted":false,"matchedWords":["a"]},{"value":"Hepar sulfuris D6","matchLevel":"none","matchedWords":[]},{"value":"Mercurius solubilis Hahnemanni D6","matchLevel":"none","matchedWords":[]}]},"_rankingInfo":{"nbTypos":0,"firstMatchedWord":0,"proximityDistance":0,"userScore":234,"geoDistance":0,"geoPrecision":1,"nbExactWords":0,"words":1,"filters":1,"personalization":{"score":0,"rankingScore":0,"filtersScore":0,"textualRelevanceBucket":1,"initialPosition":166,"newPosition":166}}},{"brandCode":"csd2807","pzn":"11612657","productName":"Vomex A® Dragees","secondaryCategories":["Landingpages","Reise Top 20","Landingpages","Gesund durch den Karneval","Landingpages","RedPoints Sommeraktion","Landingpages","Healthy Deals App-Angebote","Healthy Deals","Healthy Deals RedPoints","Healthy Deals","RedPoints-Aktion"],"manufacturer":"Klinge Pharma GmbH","pharmaForm":"Überzogene Tabletten","brand":"Vomex A","brandIntern":"KLINGE","subBrandIntern":"Vomex A®","activeSubstances":["Dimenhydrinat"],"additiveSubstances":["Magnesium stearat","Hyprolose","Hypromellose","Carnaubawachs","Carboxymethylstärke, Natrium Typ A","Siliciumdioxid, hochdisperses","Cellulose, mikrokristalline","Glucose-Lösung","Bienenwachs","Eisen(III)-oxid","Carminsäure, Aluminiumsalze","Eisen(III)-oxidhydrat, rot","Calciumhydrogenphosphat-2-Wasser","Saccharose","Lactose-1-Wasser","Macrogol 6000","Titandioxid","Arabisches Gummi","Calciumcarbonat","Talkum"],"additiveSubstancesHtml":"<ul><li>Magnesium stearat</li><li>Hyprolose</li><li>Hypromellose</li><li>Carnaubawachs</li><li>Carboxymethylstärke, Natrium Typ A</li><li>Siliciumdioxid, hochdisperses</li><li>Cellulose, mikrokristalline</li><li>Glucose-Lösung</li><li>Bienenwachs</li><li>Eisen(III)-oxid</li><li>Carminsäure, Aluminiumsalze</li><li>Eisen(III)-oxidhydrat, rot</li><li>Calciumhydrogenphosphat-2-Wasser</li><li>Saccharose</li><li>Lactose-1-Wasser</li><li>Macrogol 6000</li><li>Titandioxid</li><li>Arabisches Gummi</li><li>Calciumcarbonat</li><li>Talkum</li></ul>","descriptionShort":"Zur Vorbeugung und Behandlung von Übelkeit und Erbrechen","keywords":[],"unit":"St","unitQuantityString":"10","masterID":"11612657","indicationRanges":["Antiemetika/ Antivertiginosa","Antiemetika","Reisekrankheit"],"ratingCount":60,"averageRating":4.83,"attributes":["apothekenpflichtig","Arzneimittel"],"prescriptionMedicine":false,"price":400,"listPrice":483,"netRetailPrice":345,"priceFormatted":"€ 4,00","listPriceFormatted":"€ 4,83","potency":"","ifap":"Mittel gegen Übelkeit und Erbrechen aus der Gruppe der H1-Antihistaminika. Es wird eingenommen zur Vorbeugung und Behandlung von Übelkeit und Erbrechen unterschiedlichen Ursprungs, insbesondere bei Reisekrankheit. Hinweis:Dimenhydrinat ist zur alleinigen Behandlung von Übelkeit und Erbrechen im Gefolge einer medikamentösen Krebsbehandlung (Zytostatika-Therapie) nicht geeignet. Wenn Sie sich nach 14 Tagen nicht besser oder gar schlechter fühlen, wenden Sie sich an Ihren Arzt.","image":"https://cdn.shop-apotheke.com/images/vomex-a-dragees-ueberzogene-tabletten-D11612657-p1.jpg","hasImage":true,"deeplink":"arzneimittel/11612657/vomex-a-dragees.htm","applicablePromotions":"","variantDetails":"11612657|11612657|17|10 St|400|arzneimittel/11612657/vomex-a-dragees.htm|product.stockStatus.available","stockStatus":"","stockStatusReason":"product.stockStatus.available","inStock":true,"pricePerUnit":"","discountInPercent":17,"created":1462884334000,"lastChanged":1598572141000,"ratingsLink":"/produktbewertungen/11612657/vomex-a-dragees.htm","ean":"","RPMultiplier":1,"ribbonText":"","primaryCategory":["Die Online-Apotheke für Deutschland","Die Online-Apotheke für Deutschland/Arzneimittel & weitere Produkte ","Die Online-Apotheke für Deutschland/Arzneimittel & weitere Produkte /Magen & Darm","Die Online-Apotheke für Deutschland/Arzneimittel & weitere Produkte /Magen & Darm/Übelkeit & Erbrechen"],"topsellerCountBucket":11,"filterAttributes":[],"filterRating":0.17,"packSize":"10 St","variants":[{"id":"11612657","text":"Zur Vorbeugung und Behandlung von Übelkeit und Erbrechen","webDetailPath":"arzneimittel/11612657/vomex-a-dragees.htm","stock":"product.stockStatus.available","active":true,"discount":"17","retailPrice":"400","listPrice":"483","packSize":"10 St","nowProductGroup":"sameday_nextday","attributes":["apothekenpflichtig","Arzneimittel"],"productName":"Vomex A® Dragees","pricePerUnit":"","imageUrl":"https://cdn.shop-apotheke.com/images/vomex-a-dragees-ueberzogene-tabletten-D11612657-p1.jpg","pharmaForm":"Überzogene Tabletten","ribbonText":"","RPMultiplier":"1"},{"id":"04274616","text":"Bei Übelkeit und Erbrechen","webDetailPath":"arzneimittel/4274616/vomex-a-dragees.htm","stock":"product.stockStatus.available","active":false,"discount":"27","retailPrice":"596","listPrice":"821","packSize":"20 St","nowProductGroup":"nextday","attributes":["apothekenpflichtig","Arzneimittel"],"productName":"Vomex A® Dragees","pricePerUnit":"","imageUrl":"https://cdn.shop-apotheke.com/images/vomex-a-dragees-ueberzogene-tabletten-D04274616-p1.jpg","pharmaForm":"Überzogene Tabletten","ribbonText":"","RPMultiplier":"1"}],"master":true,"marketplace":false,"nowProductGroup":"sameday_nextday","notOnStockMessage":"","stockStatusColor":"green","categoryCodes":["csd00001","csd00219","csd00230","root","catalogs","main","landingpages","csd03057","csd01434","csd02968","csd03288","csd03461","csd03572","csd03716","csd04394"],"prices":{"listPrice":{"amount":4.83,"net":4.16,"currency":"EUR","info":{"index":1,"text":"AVP / UVP"}},"retailPrice":{"amount":4,"net":3.45,"currency":"EUR","info":{"index":1,"text":"AVP / UVP"}}},"calculatedRatingRanking":3.77,"objectID":"11612657","_highlightResult":{"activeSubstances":[{"value":"Dimenhydrinat","matchLevel":"none","matchedWords":[]}]},"_rankingInfo":{"nbTypos":0,"firstMatchedWord":0,"proximityDistance":0,"userScore":233,"geoDistance":0,"geoPrecision":1,"nbExactWords":0,"words":1,"filters":1,"personalization":{"score":0,"rankingScore":0,"filtersScore":0,"textualRelevanceBucket":1,"initialPosition":167,"newPosition":167}}},{"brandCode":"csd01909","pzn":"10749928","productName":"La Roche Posay LIPIKAR BAUME AP+ KÖRPERBALSAM + 100 ml La Roche Posay LIPIKAR SYNDET AP+ GRATIS","secondaryCategories":["Trockene Haut","Pflege","Körperpflege","Pflege","Landingpages","LA ROCHE-POSAY Lipikar","Hautbedürfnisse","Trockene Haut","Hautbedürfnisse","Körperpflege","Hautbedürfnisse","Empfindliche & allergische Haut","Ratgeber zu dermatologischer Hautpflege","Neurodermitis","Geschenke Themenwelt","Beauty schenken","Märchenhafte Geschenkewelt","Sterntaler","Geschenke nach Budget","Geschenke bis 30 Euro","Haut","Neurodermitis & Schuppenflechte","LA ROCHE-POSAY","Neurodermitis","La Roche-Posay","Trockene Haut & Neurodermitis","RedPoints Aktionswoche - Gute Vorsätze","Wellness","Produktlinien","Lipikar","Landingpages","Beauty Topseller","Landingpages","Beauty-Topseller: 10% Rabatt mit beauty2019 sichern!","Healthy Deals","Beauty Spar-Angebote","Landingpages","Herbst-Lieblinge: Top25 Hautpflege","Landingpages","Herbst-Lieblinge: Top100 Beauty","Landingpages","Topseller","Geschenke für Sie & Ihn","Geschenke für Sie","UNSERE ADVENTS-ÜBERASCHUNG EXKLUSIV FÜR UNSERE BESTEN KUNDEN.","Advent 1","Specials","Muttertags-Special","Valentinstag-Special","Valentinstagsgeschenke für Frauen","Oster-Special","Geschenke für Sie","Redirects","Geschenke für die Dame","Muttertags-Special","Muttertags-Geschenke","Landingpages","Abo Produkte","Landingpages","SHOP APOTHEKE NOW!","Landingpages","Healthy Deals App-Angebote","Healthy Deals","Healthy Deals Aktionsprodukte","Healthy Deals","Healthy Deals Beauty & Pflege"],"manufacturer":"L'Oreal Deutschland GmbH - LA ROCHE-POSAY","pharmaForm":"Balsam","brand":"La Roche Posay","brandIntern":"LA ROCHE-POSAY","subBrandIntern":"Lipikar","activeSubstances":["Shea butter","Thermalwasser","Nicotinamid","Vitreoscilla-Ferment","Rapsöl","Glycerol"],"additiveSubstances":["Dinatrium edetat","Paraffine, mikrokristalline","Xanthan gummi","Polyoxyethylen (100) monostearat","PEG-20 methyl glucose sesquistearat","Dimethiconol","Hartparaffin","Paraffin, dickflüssiges","Natriumbenzoat","Cetylalkohol","N-(1-Oxooctyl)aminoessigsäure","Ammonium polyacryloyldimethyltaurat","Glycerolmonostearat","Tetradibutylpentaeritrityl hydroxyhydrocinnamat","α-D-Mannose","Dimeticon","Sorbitan tristearat"],"additiveSubstancesHtml":"<ul><li>Dinatrium edetat</li><li>Paraffine, mikrokristalline</li><li>Xanthan gummi</li><li>Polyoxyethylen (100) monostearat</li><li>PEG-20 methyl glucose sesquistearat</li><li>Dimethiconol</li><li>Hartparaffin</li><li>Paraffin, dickflüssiges</li><li>Natriumbenzoat</li><li>Cetylalkohol</li><li>N-(1-Oxooctyl)aminoessigsäure</li><li>Ammonium polyacryloyldimethyltaurat</li><li>Glycerolmonostearat</li><li>Tetradibutylpentaeritrityl hydroxyhydrocinnamat</li><li>α-D-Mannose</li><li>Dimeticon</li><li>Sorbitan tristearat</li></ul>","descriptionShort":"Zur Pflege empfindlicher, juckender Haut","keywords":["neurodermitis","trockene haut","extrem trockene haut","dermokosmetik","dermatologische pflege","dermo"],"unit":"ml","unitQuantityString":"400","masterID":"10749934","indicationRanges":["Kosmetika und Kinderpflegemittel","Haut-/ Haarpflege, Hautschutz"],"ratingCount":119,"averageRating":4.83,"attributes":["ABO"],"prescriptionMedicine":false,"price":1560,"listPrice":2290,"netRetailPrice":1345,"priceFormatted":"€ 15,60","listPriceFormatted":"€ 22,90","potency":"","ifap":"","image":"https://cdn.shop-apotheke.com/images/la-roche-posay-lipikar-baume-ap-koerperbalsam-balsam-D10749928-p1.jpg","hasImage":true,"deeplink":"beauty/10749928/la-roche-posay-lipikar-baume-ap-koerperbalsam.htm","applicablePromotions":"promotion=1+1","variantDetails":"10749934|10749928|32|400 ml|1560|beauty/10749928/la-roche-posay-lipikar-baume-ap-koerperbalsam.htm|product.stockStatus.available","stockStatus":"","stockStatusReason":"product.stockStatus.available","inStock":true,"pricePerUnit":"39,00 € / l","discountInPercent":32,"created":1445175325000,"lastChanged":1598602780000,"ratingsLink":"/produktbewertungen/10749928/la-roche-posay-lipikar-baume-ap-koerperbalsam.htm","ean":"3337872418570","RPMultiplier":1,"ribbonText":"Aktion","primaryCategory":["Die Online-Apotheke für Deutschland","Die Online-Apotheke für Deutschland/Beauty & Pflege","Die Online-Apotheke für Deutschland/Beauty & Pflege/Dermatologische Hautpflege","Die Online-Apotheke für Deutschland/Beauty & Pflege/Dermatologische Hautpflege/La Roche-Posay","Die Online-Apotheke für Deutschland/Beauty & Pflege/Dermatologische Hautpflege/La Roche-Posay/Serien","Die Online-Apotheke für Deutschland/Beauty & Pflege/Dermatologische Hautpflege/La Roche-Posay/Serien/Lipikar"],"topsellerCountBucket":11,"filterAttributes":["ABO"],"filterRating":0.17,"packSize":"400 ml","variants":[{"id":"10749934","text":"Zur Pflege empfindlicher, juckender Haut","webDetailPath":"beauty/10749934/la-roche-posay-lipikar-baume-ap-koerperbalsam.htm","stock":"product.stockStatus.available","active":true,"discount":"16","retailPrice":"1507","listPrice":"1790","packSize":"200 ml","nowProductGroup":"sameday_nextday","attributes":[],"productName":"La Roche Posay LIPIKAR BAUME AP+ KÖRPERBALSAM + 100 ml La Roche Posay LIPIKAR SYNDET AP+ GRATIS","pricePerUnit":"7,54 € / 100 ml","imageUrl":"https://cdn.shop-apotheke.com/images/la-roche-posay-lipikar-baume-ap-koerperbalsam-balsam-D10749934-p1.jpg","pharmaForm":"Balsam","ribbonText":"Aktion","RPMultiplier":"1"},{"id":"10749928","text":"Zur Pflege empfindlicher, juckender Haut","webDetailPath":"beauty/10749928/la-roche-posay-lipikar-baume-ap-koerperbalsam.htm","stock":"product.stockStatus.available","active":false,"discount":"32","retailPrice":"1560","listPrice":"2290","packSize":"400 ml","nowProductGroup":"none","attributes":["ABO"],"productName":"La Roche Posay LIPIKAR BAUME AP+ KÖRPERBALSAM + 100 ml La Roche Posay LIPIKAR SYNDET AP+ GRATIS","pricePerUnit":"39,00 € / l","imageUrl":"https://cdn.shop-apotheke.com/images/la-roche-posay-lipikar-baume-ap-koerperbalsam-balsam-D10749928-p1.jpg","pharmaForm":"Balsam","ribbonText":"Aktion","RPMultiplier":"1"}],"master":false,"marketplace":true,"nowProductGroup":"none","notOnStockMessage":"","stockStatusColor":"green","categoryCodes":["csd00398","csd00499","csd00552","csd02178","csd02186","csd00001","csd00144","csd00158","csd00166","csd00615","csd00617","csd00620","csd00625","csd02320","csd01439","csd01434","csd01450","csd02205","csd02352","csd02369","root","catalogs","main","landingpages","csd02407","csd02764","csd01447","csd02765","csd02770","csd02772","csd02768","csd02833","csd01454","csd02835","csd02836","csd01435","csd02959","brandshop","csd1960","csd02981","csd03055","csd03171","csd03173","csd02968","csd03289","csd03339","csd03367","csd03375","csd03461","csd03477","csd03489","csd03570","csd03635","csd03637","csd03638","csd03646","csd03642","csd03648","csd03692","csd1975","csd1976","csd2001","csd2002","dermo-cosmetics","pflegebeduerfnis","csdts0001"],"prices":{"listPrice":{"amount":22.9,"net":19.74,"currency":"EUR","info":{"index":1,"text":"AVP / UVP"}},"retailPrice":{"amount":15.6,"net":13.45,"currency":"EUR","info":{"index":1,"text":"AVP / UVP"}}},"calculatedRatingRanking":4.14,"objectID":"10749928","_highlightResult":{"activeSubstances":[{"value":"Shea butter","matchLevel":"none","matchedWords":[]},{"value":"Thermalwasser","matchLevel":"none","matchedWords":[]},{"value":"Nicotinamid","matchLevel":"none","matchedWords":[]},{"value":"Vitreoscilla-Ferment","matchLevel":"none","matchedWords":[]},{"value":"Rapsöl","matchLevel":"none","matchedWords":[]},{"value":"Glycerol","matchLevel":"none","matchedWords":[]}]},"_rankingInfo":{"nbTypos":0,"firstMatchedWord":0,"proximityDistance":0,"userScore":232,"geoDistance":0,"geoPrecision":1,"nbExactWords":0,"words":1,"filters":1,"personalization":{"score":0,"rankingScore":0,"filtersScore":0,"textualRelevanceBucket":1,"initialPosition":168,"newPosition":168}}},{"brandCode":"csd2526","pzn":"03839507","productName":"LAMISIL® Creme","secondaryCategories":["Ratgeber","Fußpilz","Black Friday®","30% und mehr","Nägel","Nagelpilz","Pilzinfektion","Nagelpilz","Landingpages","SHOP APOTHEKE NOW!","Landingpages","Sommerbeschwerden","Healthy Deals","RedPoints-Aktion"],"manufacturer":"GlaxoSmithKline Consumer Healthcare","pharmaForm":"Creme","brand":"Lamisil Creme","brandIntern":"LAMISIL®","subBrandIntern":"","activeSubstances":["Terbinafin hydrochlorid"],"additiveSubstances":["Benzylalkohol","Stearylalkohol","Cetylpalmitat","Cetylalkohol","Natriumhydroxid zur pH-Wert-Einstellung","Wasser, gereinigtes","Isopropyl myristat","Polysorbat 60","Sorbitan stearat"],"additiveSubstancesHtml":"<ul><li>Benzylalkohol</li><li>Stearylalkohol</li><li>Cetylpalmitat</li><li>Cetylalkohol</li><li>Natriumhydroxid zur pH-Wert-Einstellung</li><li>Wasser, gereinigtes</li><li>Isopropyl myristat</li><li>Polysorbat 60</li><li>Sorbitan stearat</li></ul>","descriptionShort":"Bei Pilzinfektionen der Haut","keywords":["Lamisil","LamisilCreme","Fußpilz","Fusspilz"],"unit":"g","unitQuantityString":"15","masterID":"03839507","indicationRanges":["Antimykotika","Externa","Synthetika: Sonstige Monopräparate"],"ratingCount":64,"averageRating":4.83,"attributes":["apothekenpflichtig","Arzneimittel"],"prescriptionMedicine":false,"price":677,"listPrice":984,"netRetailPrice":584,"priceFormatted":"€ 6,77","listPriceFormatted":"€ 9,84","potency":"","ifap":"Das Präparat ist ein Arzneimittel zur lokalen Behandlung von Pilzinfektionen der Haut (Antimykotikum). Der Wirkstoff Terbinafinhydrochlorid hemmt das Wachstum der Pilze und tötet sie ab. AnwendungsgebietPilzinfektionen der Haut, wie z. B.Fußpilz (Athletenfuß, Sportlerfuß = Tinea pedis), Hautpilzerkrankungen an den Oberschenkeln und am Körper (Tinea corporis), Hautpilzerkrankungen an den Unterschenkeln (Tinea cruris), Hautcandidose, Kleienpilzflechte (Pityriasis versicolor), die durch Dermatophyten, Hefen oder andere Pilze (Pityrosporum orbiculare) verursacht werden.","image":"https://cdn.shop-apotheke.com/images/lamisil-creme-creme-D03839507-p1.jpg","hasImage":true,"deeplink":"arzneimittel/3839507/lamisil-creme.htm","applicablePromotions":"","variantDetails":"03839507|03839507|31|15 g|677|arzneimittel/3839507/lamisil-creme.htm|product.stockStatus.available","stockStatus":"","stockStatusReason":"product.stockStatus.available","inStock":true,"pricePerUnit":"45,13 € / 100 g","discountInPercent":31,"created":1445175909000,"lastChanged":1598569635000,"ratingsLink":"/produktbewertungen/3839507/lamisil-creme.htm","ean":"","RPMultiplier":1,"ribbonText":"","primaryCategory":["Die Online-Apotheke für Deutschland","Die Online-Apotheke für Deutschland/Arzneimittel & weitere Produkte ","Die Online-Apotheke für Deutschland/Arzneimittel & weitere Produkte /Haut, Haare & Nägel","Die Online-Apotheke für Deutschland/Arzneimittel & weitere Produkte /Haut, Haare & Nägel/Haut","Die Online-Apotheke für Deutschland/Arzneimittel & weitere Produkte /Haut, Haare & Nägel/Haut/Pilzinfektion","Die Online-Apotheke für Deutschland/Arzneimittel & weitere Produkte /Haut, Haare & Nägel/Haut/Pilzinfektion/Haut- & Fußpilz"],"topsellerCountBucket":11,"filterAttributes":[],"filterRating":0.17,"packSize":"15 g","variants":[{"id":"03839507","text":"Bei Pilzinfektionen der Haut","webDetailPath":"arzneimittel/3839507/lamisil-creme.htm","stock":"product.stockStatus.available","active":true,"discount":"31","retailPrice":"677","listPrice":"984","packSize":"15 g","nowProductGroup":"sameday_nextday","attributes":["apothekenpflichtig","Arzneimittel"],"productName":"LAMISIL® Creme","pricePerUnit":"45,13 € / 100 g","imageUrl":"https://cdn.shop-apotheke.com/images/lamisil-creme-creme-D03839507-p1.jpg","pharmaForm":"Creme","ribbonText":"","RPMultiplier":"1"},{"id":"01412124","text":"Bei Pilzinfektionen der Haut","webDetailPath":"arzneimittel/1412124/lamisil-creme.htm","stock":"product.stockStatus.available","active":false,"discount":"32","retailPrice":"1218","listPrice":"1781","packSize":"30 g","nowProductGroup":"sameday_nextday","attributes":["apothekenpflichtig","Arzneimittel"],"productName":"LAMISIL® Creme","pricePerUnit":"40,60 € / 100 g","imageUrl":"https://cdn.shop-apotheke.com/images/lamisil-creme-creme-D01412124-p1.jpg","pharmaForm":"Creme","ribbonText":"","RPMultiplier":"1"}],"master":true,"marketplace":true,"nowProductGroup":"sameday_nextday","notOnStockMessage":"","stockStatusColor":"green","categoryCodes":["csd00001","csd00144","csd00158","csd00168","csd00169","csd00172","csd00174","root","catalogs","main","themeshop","csd01392","csd01434","csd02271","csd02859","csd03108","csd02968","csd03288","landingpages","csd03339","csd04003"],"prices":{"listPrice":{"amount":9.84,"net":8.48,"currency":"EUR","info":{"index":1,"text":"AVP / UVP"}},"retailPrice":{"amount":6.77,"net":5.84,"currency":"EUR","info":{"index":1,"text":"AVP / UVP"}}},"calculatedRatingRanking":3.81,"objectID":"03839507","_highlightResult":{"activeSubstances":[{"value":"Terbinafin hydrochlorid","matchLevel":"none","matchedWords":[]}]},"_rankingInfo":{"nbTypos":0,"firstMatchedWord":0,"proximityDistance":0,"userScore":231,"geoDistance":0,"geoPrecision":1,"nbExactWords":0,"words":1,"filters":1,"personalization":{"score":0,"rankingScore":0,"filtersScore":0,"textualRelevanceBucket":1,"initialPosition":169,"newPosition":169}}},{"brandCode":"csd2359","pzn":"01830229","productName":"Cetirizin HEXAL® bei Allergien 10 mg","secondaryCategories":["HEXAL","Allergie","Allergien","Cetirizin HEXAL® bei Allergien","Landingpages","Allergie-Topseller","Black Friday®","40% und mehr","Landingpages","Topseller Allergie","Produkt-Promotions CRM","SHOP APOTHEKE NOW! Allergie","Landingpages","Weltgesundheitstag: Hausapotheke","Landingpages","SHOP APOTHEKE NOW!"],"manufacturer":"Hexal AG","pharmaForm":"Filmtabletten","brand":"Cetirizin Hexal","brandIntern":"HEXAL®","subBrandIntern":"Cetirizin HEXAL®","activeSubstances":["Cetirizin dihydrochlorid"],"additiveSubstances":["Magnesium stearat","Hypromellose","Siliciumdioxid, hochdisperses","Cellulose, mikrokristalline","Lactose-1-Wasser","Lactose-1-Wasser","Macrogol 4000","Titandioxid"],"additiveSubstancesHtml":"<ul><li>Magnesium stearat</li><li>Hypromellose</li><li>Siliciumdioxid, hochdisperses</li><li>Cellulose, mikrokristalline</li><li>Lactose-1-Wasser</li><li>Lactose-1-Wasser</li><li>Macrogol 4000</li><li>Titandioxid</li></ul>","descriptionShort":"Bei Allergien, z. B. Heuschnupfen und Neurodermitis","keywords":["Heuschnupfen","Allergie","Cetirizin","Ceterizin","Pollenallergie","Antiallergikum","Nesselsucht","birkenallergie"],"unit":"St","unitQuantityString":"100","masterID":"01830146","indicationRanges":["Antiallergika","H1-Antihistaminika (Interna)","Monopräparate"],"ratingCount":158,"averageRating":4.83,"attributes":["apothekenpflichtig","Arzneimittel"],"prescriptionMedicine":false,"price":1447,"listPrice":3358,"netRetailPrice":1247,"priceFormatted":"€ 14,47","listPriceFormatted":"€ 33,58","potency":"","ifap":"Cetirizindihydrochlorid ist der Wirkstoff des Präparates. Das Arzneimittel ist ein Antiallergikum. Bei Erwachsenen und Kindern ab einem Alter von 6 Jahren ist das Arzneimittel angezeigt zur:Linderung von Nasen- und Augensymptomen bei saisonaler und ganzjähriger allergischer Rhinitis. Linderung von Nesselsucht (Urtikaria).","image":"https://cdn.shop-apotheke.com/images/cetirizin-hexal-bei-allergien-10-mg-filmtabletten-D01830229-p1.jpg","hasImage":true,"deeplink":"arzneimittel/1830229/cetirizin-hexal-bei-allergien-10-mg.htm","applicablePromotions":"","variantDetails":"01830146|01830229|57|100 St|1447|arzneimittel/1830229/cetirizin-hexal-bei-allergien-10-mg.htm|product.stockStatus.available","stockStatus":"","stockStatusReason":"product.stockStatus.available","inStock":true,"pricePerUnit":"","discountInPercent":57,"created":1445174434000,"lastChanged":1598568915000,"ratingsLink":"/produktbewertungen/1830229/cetirizin-hexal-bei-allergien-10-mg.htm","ean":"","RPMultiplier":1,"ribbonText":"","primaryCategory":["Die Online-Apotheke für Deutschland","Die Online-Apotheke für Deutschland/Arzneimittel & weitere Produkte ","Die Online-Apotheke für Deutschland/Arzneimittel & weitere Produkte /Allergie & Asthma","Die Online-Apotheke für Deutschland/Arzneimittel & weitere Produkte /Allergie & Asthma/Allergiemittel zum Einnehmen"],"topsellerCountBucket":11,"filterAttributes":[],"filterRating":0.17,"packSize":"100 St","variants":[{"id":"01830146","text":"Bei Allergien, z. B. Heuschnupfen und Neurodermitis","webDetailPath":"arzneimittel/1830146/cetirizin-hexal-bei-allergien-10-mg.htm","stock":"product.stockStatus.available","active":true,"discount":"33","retailPrice":"238","listPrice":"354","packSize":"7 St","nowProductGroup":"sameday_nextday","attributes":["apothekenpflichtig","Arzneimittel"],"productName":"Cetirizin HEXAL® bei Allergien 10 mg","pricePerUnit":"","imageUrl":"https://cdn.shop-apotheke.com/images/cetirizin-hexal-bei-allergien-10-mg-filmtabletten-D01830146-p1.jpg","pharmaForm":"Filmtabletten","ribbonText":"","RPMultiplier":"1"},{"id":"01830152","text":"Bei Allergien, z. B. Heuschnupfen und Neurodermitis","webDetailPath":"arzneimittel/1830152/cetirizin-hexal-bei-allergien-10-mg.htm","stock":"product.stockStatus.available","active":false,"discount":"45","retailPrice":"448","listPrice":"814","packSize":"20 St","nowProductGroup":"sameday_nextday","attributes":["apothekenpflichtig","Arzneimittel"],"productName":"Cetirizin HEXAL® bei Allergien 10 mg","pricePerUnit":"","imageUrl":"https://cdn.shop-apotheke.com/images/cetirizin-hexal-bei-allergien-10-mg-filmtabletten-D01830152-p1.jpg","pharmaForm":"Filmtabletten","ribbonText":"","RPMultiplier":"1"},{"id":"01830169","text":"Bei Allergien, z. B. Heuschnupfen und Neurodermitis","webDetailPath":"arzneimittel/1830169/cetirizin-hexal-bei-allergien-10-mg.htm","stock":"product.stockStatus.available","active":false,"discount":"55","retailPrice":"826","listPrice":"1830","packSize":"50 St","nowProductGroup":"sameday_nextday","attributes":["apothekenpflichtig","Arzneimittel"],"productName":"Cetirizin HEXAL® bei Allergien 10 mg","pricePerUnit":"","imageUrl":"https://cdn.shop-apotheke.com/images/cetirizin-hexal-bei-allergien-10-mg-filmtabletten-D01830169-p1.jpg","pharmaForm":"Filmtabletten","ribbonText":"","RPMultiplier":"1"},{"id":"01830229","text":"Bei Allergien, z. B. Heuschnupfen und Neurodermitis","webDetailPath":"arzneimittel/1830229/cetirizin-hexal-bei-allergien-10-mg.htm","stock":"product.stockStatus.available","active":false,"discount":"57","retailPrice":"1447","listPrice":"3358","packSize":"100 St","nowProductGroup":"sameday_nextday","attributes":["apothekenpflichtig","Arzneimittel"],"productName":"Cetirizin HEXAL® bei Allergien 10 mg","pricePerUnit":"","imageUrl":"https://cdn.shop-apotheke.com/images/cetirizin-hexal-bei-allergien-10-mg-filmtabletten-D01830229-p1.jpg","pharmaForm":"Filmtabletten","ribbonText":"","RPMultiplier":"1"}],"master":false,"marketplace":true,"nowProductGroup":"sameday_nextday","notOnStockMessage":"","stockStatusColor":"green","categoryCodes":["csd00001","csd00010","csd00011","csd01434","csd02271","csd02272","root","catalogs","main","themeshop","csd02356","csd02360","landingpages","csd02995","csd03290","csd03339","csd03987","csd03988","csd03340","csd03939","brandshop","csd2110","csd2112"],"prices":{"listPrice":{"amount":33.58,"net":28.95,"currency":"EUR","info":{"index":1,"text":"AVP / UVP"}},"retailPrice":{"amount":14.47,"net":12.47,"currency":"EUR","info":{"index":1,"text":"AVP / UVP"}}},"calculatedRatingRanking":4.27,"objectID":"01830229","_highlightResult":{"activeSubstances":[{"value":"Cetirizin dihydrochlorid","matchLevel":"none","matchedWords":[]}]},"_rankingInfo":{"nbTypos":0,"firstMatchedWord":0,"proximityDistance":0,"userScore":230,"geoDistance":0,"geoPrecision":1,"nbExactWords":0,"words":1,"filters":1,"personalization":{"score":0,"rankingScore":0,"filtersScore":0,"textualRelevanceBucket":1,"initialPosition":170,"newPosition":170}}},{"brandCode":"csd2910","pzn":"01494079","productName":"Sterillium® Lösung zur Händedesinfektion","secondaryCategories":["Hausapotheke","Desinfektionsmittel","Black Friday®","50% und mehr","Krankenpflege","Desinfektionsmittel","Landingpages","Unsere Topseller","Landingpages","Topseller","Erkältung & Grippe","Desinfektion","Landingpages","Topseller"],"manufacturer":"PAUL HARTMANN AG","pharmaForm":"Lösung","brand":"Sterillium","brandIntern":"HARTMANN","subBrandIntern":"Sterillium®","activeSubstances":["Isopropanol","Propan-1-ol","Mecetronium etilsulfat"],"additiveSubstances":["Patentblau V","Myristylalkohol","Duftstoff","Wasser, gereinigtes","Glycerol 85%"],"additiveSubstancesHtml":"<ul><li>Patentblau V</li><li>Myristylalkohol</li><li>Duftstoff</li><li>Wasser, gereinigtes</li><li>Glycerol 85%</li></ul>","descriptionShort":"Zur hygienischen und chirurgischen Händedesinfektion","keywords":["desinfektion"],"unit":"ml","unitQuantityString":"1000","masterID":"06127658","indicationRanges":["Antiseptika/ Desinfektionsmittel","Tensidhaltige","Sonstige"],"ratingCount":47,"averageRating":4.83,"attributes":["Arzneimittel"],"prescriptionMedicine":false,"price":1628,"listPrice":2042,"netRetailPrice":1403,"priceFormatted":"€ 16,28","listPriceFormatted":"€ 20,42","potency":"","ifap":"","image":"https://cdn.shop-apotheke.com/images/sterillium-loesung-zur-haendedesinfektion-loesung-D01494079-p1.jpg","hasImage":true,"deeplink":"arzneimittel/1494079/sterillium-loesung-zur-haendedesinfektion.htm","applicablePromotions":"","variantDetails":"06127658|01494079|20|1000 ml|1628|arzneimittel/1494079/sterillium-loesung-zur-haendedesinfektion.htm|product.stockStatus.available","stockStatus":"","stockStatusReason":"product.stockStatus.available","inStock":true,"pricePerUnit":"16,28 € / l","discountInPercent":20,"created":1445166929000,"lastChanged":1598568794000,"ratingsLink":"/produktbewertungen/1494079/sterillium-loesung-zur-haendedesinfektion.htm","ean":"4031678002559","RPMultiplier":1,"ribbonText":"","primaryCategory":["Die Online-Apotheke für Deutschland","Die Online-Apotheke für Deutschland/Arzneimittel & weitere Produkte ","Die Online-Apotheke für Deutschland/Arzneimittel & weitere Produkte /Haus- & Reiseapotheke","Die Online-Apotheke für Deutschland/Arzneimittel & weitere Produkte /Haus- & Reiseapotheke/Erste Hilfe & Verbandmittel","Die Online-Apotheke für Deutschland/Arzneimittel & weitere Produkte /Haus- & Reiseapotheke/Erste Hilfe & Verbandmittel/Haut- & Wunddesinfektion"],"topsellerCountBucket":11,"filterAttributes":[],"filterRating":0.17,"packSize":"1000 ml","variants":[{"id":"02465200","text":"Zur hygienischen und chirurgischen Händedesinfektion","webDetailPath":"arzneimittel/2465200/sterillium-loesung-zur-haendedesinfektion.htm","stock":"product.stockStatus.nl","active":false,"discount":"20","retailPrice":"7549","listPrice":"9451","packSize":"5 l","nowProductGroup":"none","attributes":["Arzneimittel"],"productName":"Sterillium® Lösung zur Händedesinfektion","pricePerUnit":"15,10 € / l","imageUrl":"https://cdn.shop-apotheke.com/images/sterillium-loesung-zur-haendedesinfektion-loesung-D02465200-p1.jpg","pharmaForm":"Lösung","ribbonText":"","RPMultiplier":"1"},{"id":"06127658","text":"Hände-Desinfektionsmittel zum Einreiben in die Hände und Haut","webDetailPath":"arzneimittel/6127658/sterillium-loesung-zur-haendedesinfektion.htm","stock":"product.stockStatus.nl","active":true,"discount":"23","retailPrice":"215","listPrice":"278","packSize":"50 ml","nowProductGroup":"none","attributes":["Arzneimittel"],"productName":"Sterillium® Lösung zur Händedesinfektion","pricePerUnit":"4,30 € / 100 ml","imageUrl":"https://cdn.shop-apotheke.com/images/sterillium-loesung-zur-haendedesinfektion-loesung-D06127658-p1.jpg","pharmaForm":"Lösung","ribbonText":"","RPMultiplier":"1"},{"id":"00970690","text":"Zur hygienischen und chirurgischen Händedesinfektion","webDetailPath":"arzneimittel/970690/sterillium-loesung-zur-haendedesinfektion.htm","stock":"product.stockStatus.nl","active":false,"discount":"21","retailPrice":"328","listPrice":"414","packSize":"100 ml","nowProductGroup":"none","attributes":["Arzneimittel"],"productName":"Sterillium® Lösung zur Händedesinfektion","pricePerUnit":"3,28 € / 100 ml","imageUrl":"https://cdn.shop-apotheke.com/images/sterillium-loesung-zur-haendedesinfektion-loesung-D00970690-p1.jpg","pharmaForm":"Lösung","ribbonText":"","RPMultiplier":"1"},{"id":"00970709","text":"Zur hygienischen und chirurgischen Händedesinfektion","webDetailPath":"arzneimittel/970709/sterillium-loesung-zur-haendedesinfektion.htm","stock":"product.stockStatus.available","active":false,"discount":"19","retailPrice":"1013","listPrice":"1248","packSize":"500 ml","nowProductGroup":"sameday_nextday","attributes":["Arzneimittel"],"productName":"Sterillium® Lösung zur Händedesinfektion","pricePerUnit":"20,26 € / l","imageUrl":"https://cdn.shop-apotheke.com/images/sterillium-loesung-zur-haendedesinfektion-loesung-D00970709-p1.jpg","pharmaForm":"Lösung","ribbonText":"","RPMultiplier":"1"},{"id":"01494079","text":"Zur hygienischen und chirurgischen Händedesinfektion","webDetailPath":"arzneimittel/1494079/sterillium-loesung-zur-haendedesinfektion.htm","stock":"product.stockStatus.available","active":false,"discount":"20","retailPrice":"1628","listPrice":"2042","packSize":"1000 ml","nowProductGroup":"sameday_nextday","attributes":["Arzneimittel"],"productName":"Sterillium® Lösung zur Händedesinfektion","pricePerUnit":"16,28 € / l","imageUrl":"https://cdn.shop-apotheke.com/images/sterillium-loesung-zur-haendedesinfektion-loesung-D01494079-p1.jpg","pharmaForm":"Lösung","ribbonText":"","RPMultiplier":"1"}],"master":false,"marketplace":false,"nowProductGroup":"sameday_nextday","notOnStockMessage":"","stockStatusColor":"green","categoryCodes":["csd00001","csd00077","csd00078","csd00092","csd02753","csd00114","csd01434","csd02271","csd02860","csd00195","csd03217","root","catalogs","main","landingpages","csd03273","csd03647","csd03648","csd00061","csd03649"],"prices":{"listPrice":{"amount":20.42,"net":17.6,"currency":"EUR","info":{"index":1,"text":"AVP / UVP"}},"retailPrice":{"amount":16.28,"net":14.03,"currency":"EUR","info":{"index":1,"text":"AVP / UVP"}}},"calculatedRatingRanking":3.63,"objectID":"01494079","_highlightResult":{"activeSubstances":[{"value":"Isopropanol","matchLevel":"none","matchedWords":[]},{"value":"Propan-1-ol","matchLevel":"none","matchedWords":[]},{"value":"Mecetronium etilsulfat","matchLevel":"none","matchedWords":[]}]},"_rankingInfo":{"nbTypos":0,"firstMatchedWord":0,"proximityDistance":0,"userScore":229,"geoDistance":0,"geoPrecision":1,"nbExactWords":0,"words":1,"filters":1,"personalization":{"score":0,"rankingScore":0,"filtersScore":0,"textualRelevanceBucket":1,"initialPosition":171,"newPosition":171}}},{"brandCode":"csd2539","pzn":"10339828","productName":"Linola® Schutz-Balsam","secondaryCategories":["Babypflege","Hautpflege","Landingpages","Beauty Topseller","Landingpages","Beauty-Topseller: 10% Rabatt mit beauty2019 sichern!","Landingpages","Flash Deal Beauty","Landingpages","Topseller","UNSERE ADVENTS-ÜBERASCHUNG EXKLUSIV FÜR UNSERE BESTEN KUNDEN.","Advent 1","Landingpages","Abo Produkte","Landingpages","SHOP APOTHEKE NOW!"],"manufacturer":"Dr. August Wolff GmbH & Co.KG Arzneimittel","pharmaForm":"Balsam","brand":"Linola","brandIntern":"Linola®","subBrandIntern":"Schutz","activeSubstances":["Palmitoylascorbinsäure","Glycerol behenat","Bisabolol","Kokos glyceride","Oleyl erucat","(2-Octyldodecyl)tetradecanoat","Glyceroltridocosanoat","Glycerol dibehenat","Acacia decurrens/Jojoba/Sonnenblumensamen-Wachs-Polyglyceryl-3-ester","Ingwer-Extrakt","DL-α-Tocopherol"],"additiveSubstances":["Benzylalkohol","Rizinusöl, hydriertes","Pentan-1,2-diol","Glycerolmonostearat","Dihydroavenanthramid D","Triglyceride, mittelkettige","Wasser, gereinigtes","Butan-1,3-diol","Octenidin dihydrochlorid"],"additiveSubstancesHtml":"<ul><li>Benzylalkohol</li><li>Rizinusöl, hydriertes</li><li>Pentan-1,2-diol</li><li>Glycerolmonostearat</li><li>Dihydroavenanthramid D</li><li>Triglyceride, mittelkettige</li><li>Wasser, gereinigtes</li><li>Butan-1,3-diol</li><li>Octenidin dihydrochlorid</li></ul>","descriptionShort":"Schützt vor Wundwerden der Haut","keywords":[],"unit":"ml","unitQuantityString":"100","masterID":"10017585","indicationRanges":["Dermatotherapeutika","Schutz und Pflege von Haut, Haaren und Nägeln","Externa"],"ratingCount":142,"averageRating":4.82,"attributes":["ABO"],"prescriptionMedicine":false,"price":1380,"listPrice":1497,"netRetailPrice":1190,"priceFormatted":"€ 13,80","listPriceFormatted":"€ 14,97","potency":"","ifap":"","image":"https://cdn.shop-apotheke.com/images/linola-schutz-balsam-balsam-D10339828-p1.jpg","hasImage":true,"deeplink":"beauty/10339828/linola-schutz-balsam.htm","applicablePromotions":"","variantDetails":"10017585|10339828|8|100 ml|1380|beauty/10339828/linola-schutz-balsam.htm|product.stockStatus.available","stockStatus":"","stockStatusReason":"product.stockStatus.available","inStock":true,"pricePerUnit":"13,80 € / 100 ml","discountInPercent":8,"created":1445174723000,"lastChanged":1598571739000,"ratingsLink":"/produktbewertungen/10339828/linola-schutz-balsam.htm","ean":"4048882250317","RPMultiplier":1,"ribbonText":"","primaryCategory":["Die Online-Apotheke für Deutschland","Die Online-Apotheke für Deutschland/Beauty & Pflege","Die Online-Apotheke für Deutschland/Beauty & Pflege/Pflegende Kosmetik","Die Online-Apotheke für Deutschland/Beauty & Pflege/Pflegende Kosmetik/Linola"],"topsellerCountBucket":11,"filterAttributes":["ABO"],"filterRating":0.18,"packSize":"100 ml","variants":[{"id":"10017585","text":"Schützt vor Wundwerden der Haut","webDetailPath":"beauty/10017585/linola-schutz-balsam.htm","stock":"product.stockStatus.available","active":true,"discount":"7","retailPrice":"831","listPrice":"897","packSize":"50 ml","nowProductGroup":"sameday_nextday","attributes":[],"productName":"Linola® Schutz-Balsam","pricePerUnit":"16,62 € / 100 ml","imageUrl":"https://cdn.shop-apotheke.com/images/linola-schutz-balsam-balsam-D10017585-p1.jpg","pharmaForm":"Balsam","ribbonText":"","RPMultiplier":"1"},{"id":"10339828","text":"Schützt vor Wundwerden der Haut","webDetailPath":"beauty/10339828/linola-schutz-balsam.htm","stock":"product.stockStatus.available","active":false,"discount":"8","retailPrice":"1380","listPrice":"1497","packSize":"100 ml","nowProductGroup":"sameday_nextday","attributes":["ABO"],"productName":"Linola® Schutz-Balsam","pricePerUnit":"13,80 € / 100 ml","imageUrl":"https://cdn.shop-apotheke.com/images/linola-schutz-balsam-balsam-D10339828-p1.jpg","pharmaForm":"Balsam","ribbonText":"","RPMultiplier":"1"}],"master":false,"marketplace":false,"nowProductGroup":"sameday_nextday","notOnStockMessage":"","stockStatusColor":"green","categoryCodes":["csd00398","csd01229","csd02952","csd00362","csd02667","csd00383","csd00385","root","catalogs","main","landingpages","csd03339","csd03477","csd03489","csd03525","csd03646","csd03642","csd03648","csd03692"],"prices":{"listPrice":{"amount":14.97,"net":12.91,"currency":"EUR","info":{"index":1,"text":"AVP / UVP"}},"retailPrice":{"amount":13.8,"net":11.9,"currency":"EUR","info":{"index":1,"text":"AVP / UVP"}}},"calculatedRatingRanking":4.22,"objectID":"10339828","_highlightResult":{"activeSubstances":[{"value":"Palmitoylascorbinsäure","matchLevel":"none","matchedWords":[]},{"value":"Glycerol behenat","matchLevel":"none","matchedWords":[]},{"value":"Bisabolol","matchLevel":"none","matchedWords":[]},{"value":"Kokos glyceride","matchLevel":"none","matchedWords":[]},{"value":"Oleyl erucat","matchLevel":"none","matchedWords":[]},{"value":"(2-Octyldodecyl)tetradecanoat","matchLevel":"none","matchedWords":[]},{"value":"Glyceroltridocosanoat","matchLevel":"none","matchedWords":[]},{"value":"Glycerol dibehenat","matchLevel":"none","matchedWords":[]},{"value":"<ais-highlight-0000000000>A</ais-highlight-0000000000>cacia decurrens/Jojoba/Sonnenblumensamen-Wachs-Polyglyceryl-3-ester","matchLevel":"full","fullyHighlighted":false,"matchedWords":["a"]},{"value":"Ingwer-Extrakt","matchLevel":"none","matchedWords":[]},{"value":"DL-α-Tocopherol","matchLevel":"none","matchedWords":[]}]},"_rankingInfo":{"nbTypos":0,"firstMatchedWord":0,"proximityDistance":0,"userScore":228,"geoDistance":0,"geoPrecision":1,"nbExactWords":0,"words":1,"filters":1,"personalization":{"score":0,"rankingScore":0,"filtersScore":0,"textualRelevanceBucket":1,"initialPosition":172,"newPosition":172}}},{"brandCode":"csd2888","pzn":"04482680","productName":"Snup® Schnupfenspray 0,1 % Nasenspray","secondaryCategories":["Erkältung & Grippe","Schnupfen","RedPoints Aktionswoche - Gute Vorsätze","Beauty ","Black Friday®","30% und mehr","Landingpages","NOW! Erkältung","Landingpages","NOW! Reiseapotheke","Landingpages","Flash Deal Erkaeltung","Black Friday®","Erkältungs-Produkte","Landingpages","Top 100"],"manufacturer":"STADA Consumer Health Deutschland GmbH","pharmaForm":"Nasenspray","brand":"SNUP","brandIntern":"STADA","subBrandIntern":"SNUP®","activeSubstances":["Xylometazolin hydrochlorid"],"additiveSubstances":["Kaliumdihydrogenphosphat","Meerwasser","Wasser, gereinigtes"],"additiveSubstancesHtml":"<ul><li>Kaliumdihydrogenphosphat</li><li>Meerwasser</li><li>Wasser, gereinigtes</li></ul>","descriptionShort":"Zur Abschwellung der Nasenschleimhaut bei Schnupfen","keywords":[],"unit":"ml","unitQuantityString":"15","masterID":"04482674","indicationRanges":["Atemwegskrankheiten und grippale Infekte","Rhinologika, lokale Anwendung","Schnupfenmittel, Sympathomimetika-haltig"],"ratingCount":27,"averageRating":4.81,"attributes":["apothekenpflichtig","Arzneimittel"],"prescriptionMedicine":false,"price":349,"listPrice":530,"netRetailPrice":301,"priceFormatted":"€ 3,49","listPriceFormatted":"€ 5,30","potency":"","ifap":"Das Dosierspray ist ein Schnupfenmittel (Rhinologikum, Alpha-Sympathomimetikum). Der Wirkstoff Xylometazolinhydrochlorid hat gefäßverengende Eigenschaften und bewirkt dadurch eine Abschwellung der Nasenschleimhaut. Das Dosierspray wird angewendetzur Abschwellung der Nasenschleimhaut bei Schnupfen, anfallsweise auftretendem Fließschnupfen (Rhinitis vasomotorica) und allergischem Schnupfen (Rhinitis allergica). zur Erleichterung des Abfließens des Sekrets bei Entzündungen der Nasennebenhöhlen sowie bei Mittelohrentzündung (Katarrh des Tubenmittelohrs) in Verbindung mit Schnupfen. Das Dosierspray ist für Schulkinder und Erwachsene bestimmt.","image":"https://cdn.shop-apotheke.com/images/snup-schnupfenspray-0-1-nasenspray-nasenspray-D04482680-p1.jpg","hasImage":true,"deeplink":"arzneimittel/4482680/snup-schnupfenspray-0-1-nasenspray.htm","applicablePromotions":"","variantDetails":"04482674|04482680|34|15 ml|349|arzneimittel/4482680/snup-schnupfenspray-0-1-nasenspray.htm|product.stockStatus.available","stockStatus":"","stockStatusReason":"product.stockStatus.available","inStock":true,"pricePerUnit":"23,27 € / 100 ml","discountInPercent":34,"created":1445165446000,"lastChanged":1598591713000,"ratingsLink":"/produktbewertungen/4482680/snup-schnupfenspray-0-1-nasenspray.htm","ean":"","RPMultiplier":1,"ribbonText":"","primaryCategory":["Die Online-Apotheke für Deutschland","Die Online-Apotheke für Deutschland/Arzneimittel & weitere Produkte ","Die Online-Apotheke für Deutschland/Arzneimittel & weitere Produkte /Auge, Nase & Ohr","Die Online-Apotheke für Deutschland/Arzneimittel & weitere Produkte /Auge, Nase & Ohr/Nase","Die Online-Apotheke für Deutschland/Arzneimittel & weitere Produkte /Auge, Nase & Ohr/Nase/Schnupfen"],"topsellerCountBucket":11,"filterAttributes":[],"filterRating":0.19,"packSize":"15 ml","variants":[{"id":"04482674","text":"Zur Abschwellung der Nasenschleimhaut bei Schnupfen","webDetailPath":"arzneimittel/4482674/snup-schnupfenspray-0-1-nasenspray.htm","stock":"product.stockStatus.available","active":true,"discount":"30","retailPrice":"289","listPrice":"413","packSize":"10 ml","nowProductGroup":"nextday","attributes":["apothekenpflichtig","Arzneimittel"],"productName":"Snup® Schnupfenspray 0,1 % Nasenspray","pricePerUnit":"28,90 € / 100 ml","imageUrl":"https://cdn.shop-apotheke.com/images/snup-schnupfenspray-0-1-nasenspray-nasenspray-D04482674-p10.jpg","pharmaForm":"Nasenspray","ribbonText":"","RPMultiplier":"1"},{"id":"04482680","text":"Zur Abschwellung der Nasenschleimhaut bei Schnupfen","webDetailPath":"arzneimittel/4482680/snup-schnupfenspray-0-1-nasenspray.htm","stock":"product.stockStatus.available","active":false,"discount":"34","retailPrice":"349","listPrice":"530","packSize":"15 ml","nowProductGroup":"sameday_nextday","attributes":["apothekenpflichtig","Arzneimittel"],"productName":"Snup® Schnupfenspray 0,1 % Nasenspray","pricePerUnit":"23,27 € / 100 ml","imageUrl":"https://cdn.shop-apotheke.com/images/snup-schnupfenspray-0-1-nasenspray-nasenspray-D04482680-p1.jpg","pharmaForm":"Nasenspray","ribbonText":"","RPMultiplier":"1"}],"master":false,"marketplace":false,"nowProductGroup":"sameday_nextday","notOnStockMessage":"","stockStatusColor":"green","categoryCodes":["csd00001","csd00020","csd00028","csd00033","csd00061","csd01060","csd01434","csd02271","csd02859","csd02862","root","catalogs","main","landingpages","csd03040","csd03171","csd03172","csd03341","csd03476","csd03524"],"prices":{"listPrice":{"amount":5.3,"net":4.57,"currency":"EUR","info":{"index":1,"text":"AVP / UVP"}},"retailPrice":{"amount":3.49,"net":3.01,"currency":"EUR","info":{"index":1,"text":"AVP / UVP"}}},"calculatedRatingRanking":3.31,"objectID":"04482680","_highlightResult":{"activeSubstances":[{"value":"Xylometazolin hydrochlorid","matchLevel":"none","matchedWords":[]}]},"_rankingInfo":{"nbTypos":0,"firstMatchedWord":0,"proximityDistance":0,"userScore":227,"geoDistance":0,"geoPrecision":1,"nbExactWords":0,"words":1,"filters":1,"personalization":{"score":0,"rankingScore":0,"filtersScore":0,"textualRelevanceBucket":1,"initialPosition":173,"newPosition":173}}},{"brandCode":"csd01737","pzn":"00739484","productName":"Agnus castus AL","secondaryCategories":["Frauengesundheit","Menstruationsbeschwerden","ALIUD PHARMA<sup>®</sup>","Frauengesundheit","Schmerzen","Regelschmerzen","Black Friday®","50% und mehr","Landingpages","NOW! Schmerzen","UNSERE ADVENTS-ÜBERASCHUNG EXKLUSIV FÜR UNSERE BESTEN KUNDEN.","Advent 2","Landingpages","SHOP APOTHEKE NOW!"],"manufacturer":"ALIUD Pharma GmbH","pharmaForm":"Filmtabletten","brand":"Agnus Castus","brandIntern":"ALIUD","subBrandIntern":"Agnus castus AL","activeSubstances":["Mönchspfefferfrüchte-Trockenextrakt (7-13:1); Auszugsmittel: Ethanol 60% (m/m)"],"additiveSubstances":["Magnesium stearat","Hypromellose","Carboxymethylstärke, Natrium Typ A","Siliciumdioxid, hochdisperses","Cellulose, mikrokristalline","Glucosesirup-Trockensubstanz","Eisen(III)-oxid","Maisstärke","Lactose-1-Wasser","Macrogol 4000","Titandioxid"],"additiveSubstancesHtml":"<ul><li>Magnesium stearat</li><li>Hypromellose</li><li>Carboxymethylstärke, Natrium Typ A</li><li>Siliciumdioxid, hochdisperses</li><li>Cellulose, mikrokristalline</li><li>Glucosesirup-Trockensubstanz</li><li>Eisen(III)-oxid</li><li>Maisstärke</li><li>Lactose-1-Wasser</li><li>Macrogol 4000</li><li>Titandioxid</li></ul>","descriptionShort":"Zur Anwendung bei Regelbeschwerden","keywords":[],"unit":"St","unitQuantityString":"100","masterID":"00739461","indicationRanges":["Gynäkologika/ Vaginaltherapeutika","Phytopharmaka","Antidysmenorrhoika"],"ratingCount":26,"averageRating":4.81,"attributes":["apothekenpflichtig","pflanzlich","Arzneimittel"],"prescriptionMedicine":false,"price":680,"listPrice":1324,"netRetailPrice":586,"priceFormatted":"€ 6,80","listPriceFormatted":"€ 13,24","potency":"","ifap":"Das Präparat ist ein pflanzliches Arzneimittel bei Regelbeschwerden. Das Präparat wird angewendet bei:Rhythmusstörungen der Regelblutung (Regeltempoanomalien) Spannungs- und Schwellungsgefühl in den Brüsten (Mastodynie) monatlich wiederkehrenden Beschwerden vor Eintritt der Regelblutung (Prämenstruelle Beschwerden) Bei Spannungs- und Schwellungsgefühl in den Brüsten sowie bei Störungen der Regelblutung sollte zunächst ein Arzt aufgesucht werden, da es sich um Erkrankungen handeln kann, die einer ärztlichen Untersuchung bedürfen. ","image":"https://cdn.shop-apotheke.com/images/agnus-castus-al-filmtabletten-D00739484-p1.jpg","hasImage":true,"deeplink":"arzneimittel/739484/agnus-castus-al.htm","applicablePromotions":"","variantDetails":"00739461|00739484|49|100 St|680|arzneimittel/739484/agnus-castus-al.htm|product.stockStatus.available","stockStatus":"","stockStatusReason":"product.stockStatus.available","inStock":true,"pricePerUnit":"","discountInPercent":49,"created":1445173509000,"lastChanged":1598568530000,"ratingsLink":"/produktbewertungen/739484/agnus-castus-al.htm","ean":"4150007394841","RPMultiplier":1,"ribbonText":"","primaryCategory":["Die Online-Apotheke für Deutschland","Die Online-Apotheke für Deutschland/Homöopathie & Naturprodukte","Die Online-Apotheke für Deutschland/Homöopathie & Naturprodukte/Anwendungsgebiete","Die Online-Apotheke für Deutschland/Homöopathie & Naturprodukte/Anwendungsgebiete/Pflanzlich","Die Online-Apotheke für Deutschland/Homöopathie & Naturprodukte/Anwendungsgebiete/Pflanzlich/Menstruationsbeschwerden"],"topsellerCountBucket":11,"filterAttributes":["pflanzlich"],"filterRating":0.19,"packSize":"100 St","variants":[{"id":"00739461","text":"Zur Anwendung bei Regelbeschwerden","webDetailPath":"arzneimittel/739461/agnus-castus-al.htm","stock":"product.stockStatus.available","active":true,"discount":"31","retailPrice":"334","listPrice":"485","packSize":"30 St","nowProductGroup":"sameday_nextday","attributes":["apothekenpflichtig","pflanzlich","Arzneimittel"],"productName":"Agnus castus AL","pricePerUnit":"","imageUrl":"https://cdn.shop-apotheke.com/images/agnus-castus-al-filmtabletten-D00739461-p1.jpg","pharmaForm":"Filmtabletten","ribbonText":"","RPMultiplier":"1"},{"id":"00739478","text":"Zur Anwendung bei Regelbeschwerden","webDetailPath":"arzneimittel/739478/agnus-castus-al.htm","stock":"product.stockStatus.available","active":false,"discount":"44","retailPrice":"473","listPrice":"843","packSize":"60 St","nowProductGroup":"sameday_nextday","attributes":["apothekenpflichtig","pflanzlich","Arzneimittel"],"productName":"Agnus castus AL","pricePerUnit":"","imageUrl":"https://cdn.shop-apotheke.com/images/agnus-castus-al-filmtabletten-D00739478-p1.jpg","pharmaForm":"Filmtabletten","ribbonText":"","RPMultiplier":"1"},{"id":"00739484","text":"Zur Anwendung bei Regelbeschwerden","webDetailPath":"arzneimittel/739484/agnus-castus-al.htm","stock":"product.stockStatus.available","active":false,"discount":"49","retailPrice":"680","listPrice":"1324","packSize":"100 St","nowProductGroup":"sameday_nextday","attributes":["apothekenpflichtig","pflanzlich","Arzneimittel"],"productName":"Agnus castus AL","pricePerUnit":"","imageUrl":"https://cdn.shop-apotheke.com/images/agnus-castus-al-filmtabletten-D00739484-p1.jpg","pharmaForm":"Filmtabletten","ribbonText":"","RPMultiplier":"1"}],"master":false,"marketplace":true,"nowProductGroup":"sameday_nextday","notOnStockMessage":"","stockStatusColor":"green","categoryCodes":["csd00850","csd00851","csd00884","csd00901","csd00001","csd00072","csd00075","csd00269","csd00280","csd01434","csd02271","csd02860","root","catalogs","main","landingpages","csd03339","csd03475","csd03646","csd03643","brandshop","csd1914","csd1918"],"prices":{"listPrice":{"amount":13.24,"net":11.41,"currency":"EUR","info":{"index":1,"text":"AVP / UVP"}},"retailPrice":{"amount":6.8,"net":5.86,"currency":"EUR","info":{"index":1,"text":"AVP / UVP"}}},"calculatedRatingRanking":3.29,"objectID":"00739484","_highlightResult":{"activeSubstances":[{"value":"Mönchspfefferfrüchte-Trockenextrakt (7-13:1); <ais-highlight-0000000000>A</ais-highlight-0000000000>uszugsmittel: Ethanol 60% (m/m)","matchLevel":"full","fullyHighlighted":false,"matchedWords":["a"]}]},"_rankingInfo":{"nbTypos":0,"firstMatchedWord":0,"proximityDistance":0,"userScore":226,"geoDistance":0,"geoPrecision":1,"nbExactWords":0,"words":1,"filters":1,"personalization":{"score":0,"rankingScore":0,"filtersScore":0,"textualRelevanceBucket":1,"initialPosition":174,"newPosition":174}}},{"brandCode":"csd2842","pzn":"06873114","productName":"Aciclostad® Creme gegen Lippenherpes","secondaryCategories":["Black Friday®","40% und mehr","Landingpages","Gesund durch den Karneval","Landingpages","SHOP APOTHEKE NOW!","Landingpages","Healthy Deals App-Angebote"],"manufacturer":"STADA Consumer Health Deutschland GmbH","pharmaForm":"Creme","brand":"Aciclostad","brandIntern":"STADA","subBrandIntern":"Aciclostad®","activeSubstances":["Aciclovir"],"additiveSubstances":["Paraffin, dickflüssiges","Cetylalkohol","Macrogolglycerolstearate","Wasser, gereinigtes","Vaselin, weißes","Propylenglycol","Dimeticon 350"],"additiveSubstancesHtml":"<ul><li>Paraffin, dickflüssiges</li><li>Cetylalkohol</li><li>Macrogolglycerolstearate</li><li>Wasser, gereinigtes</li><li>Vaselin, weißes</li><li>Propylenglycol</li><li>Dimeticon 350</li></ul>","descriptionShort":"Gegen Lippenherpes","keywords":["aciclovir","herpessalbe","herpescreme","herpesgel","herpes"],"unit":"g","unitQuantityString":"2","masterID":"06873114","indicationRanges":["Dermatotherapeutika","Virustatika","Lippenherpes"],"ratingCount":64,"averageRating":4.8,"attributes":["apothekenpflichtig","Arzneimittel"],"prescriptionMedicine":false,"price":271,"listPrice":485,"netRetailPrice":234,"priceFormatted":"€ 2,71","listPriceFormatted":"€ 4,85","potency":"","ifap":"Der Wirkstoff des Arzneimittels hemmt die Vermehrung von Herpes-Viren (Virustatikum). Es wird angewendetzur lindernden Behandlung von Schmerzen und Juckreiz bei häufig wiederkehrenden Herpesinfektionen mit Bläschenbildung im Lippenbereich (rezidivierender Herpes labialis).","image":"https://cdn.shop-apotheke.com/images/aciclostad-creme-gegen-lippenherpes-creme-D06873114-p1.jpg","hasImage":true,"deeplink":"arzneimittel/6873114/aciclostad-creme-gegen-lippenherpes.htm","applicablePromotions":"","variantDetails":"06873114|06873114|44|2 g|271|arzneimittel/6873114/aciclostad-creme-gegen-lippenherpes.htm|product.stockStatus.available","stockStatus":"","stockStatusReason":"product.stockStatus.available","inStock":true,"pricePerUnit":"135,50 € / 100 g","discountInPercent":44,"created":1445175641000,"lastChanged":1598570374000,"ratingsLink":"/produktbewertungen/6873114/aciclostad-creme-gegen-lippenherpes.htm","ean":"4150068731142","RPMultiplier":1,"ribbonText":"","primaryCategory":["Die Online-Apotheke für Deutschland","Die Online-Apotheke für Deutschland/Arzneimittel & weitere Produkte ","Die Online-Apotheke für Deutschland/Arzneimittel & weitere Produkte /Haut, Haare & Nägel","Die Online-Apotheke für Deutschland/Arzneimittel & weitere Produkte /Haut, Haare & Nägel/Haut","Die Online-Apotheke für Deutschland/Arzneimittel & weitere Produkte /Haut, Haare & Nägel/Haut/Herpes"],"topsellerCountBucket":11,"filterAttributes":[],"filterRating":0.2,"packSize":"2 g","variants":[{"id":"06873114","text":"Gegen Lippenherpes","webDetailPath":"arzneimittel/6873114/aciclostad-creme-gegen-lippenherpes.htm","stock":"product.stockStatus.available","active":true,"discount":"44","retailPrice":"271","listPrice":"485","packSize":"2 g","nowProductGroup":"sameday_nextday","attributes":["apothekenpflichtig","Arzneimittel"],"productName":"Aciclostad® Creme gegen Lippenherpes","pricePerUnit":"135,50 € / 100 g","imageUrl":"https://cdn.shop-apotheke.com/images/aciclostad-creme-gegen-lippenherpes-creme-D06873114-p1.jpg","pharmaForm":"Creme","ribbonText":"","RPMultiplier":"1"}],"master":true,"marketplace":true,"nowProductGroup":"sameday_nextday","notOnStockMessage":"","stockStatusColor":"green","categoryCodes":["csd00001","csd00144","csd00158","csd00161","csd01434","csd02271","csd02272","root","catalogs","main","landingpages","csd03339","csd03461","csd03716"],"prices":{"listPrice":{"amount":4.85,"net":4.18,"currency":"EUR","info":{"index":1,"text":"AVP / UVP"}},"retailPrice":{"amount":2.71,"net":2.34,"currency":"EUR","info":{"index":1,"text":"AVP / UVP"}}},"calculatedRatingRanking":3.79,"objectID":"06873114","_highlightResult":{"activeSubstances":[{"value":"<ais-highlight-0000000000>A</ais-highlight-0000000000>ciclovir","matchLevel":"full","fullyHighlighted":false,"matchedWords":["a"]}]},"_rankingInfo":{"nbTypos":0,"firstMatchedWord":0,"proximityDistance":0,"userScore":225,"geoDistance":0,"geoPrecision":1,"nbExactWords":0,"words":1,"filters":1,"personalization":{"score":0,"rankingScore":0,"filtersScore":0,"textualRelevanceBucket":1,"initialPosition":175,"newPosition":175}}},{"brandCode":"csd01724","pzn":"04941509","productName":"Clotrimazol AL 1%","secondaryCategories":["ALIUD PHARMA<sup>®</sup>","Haut- & Wundbehandlung","Landingpages","Sommerbeschwerden"],"manufacturer":"ALIUD Pharma GmbH","pharmaForm":"Creme","brand":"Clotrimazol","brandIntern":"ALIUD","subBrandIntern":"Clotrimazol AL","activeSubstances":["Clotrimazol"],"additiveSubstances":["Benzylalkohol","Hexadecylpalmitat","Cetylstearylalkohol","Wasser, gereinigtes","Octyldodecanol","Polysorbat 60","Sorbitan stearat"],"additiveSubstancesHtml":"<ul><li>Benzylalkohol</li><li>Hexadecylpalmitat</li><li>Cetylstearylalkohol</li><li>Wasser, gereinigtes</li><li>Octyldodecanol</li><li>Polysorbat 60</li><li>Sorbitan stearat</li></ul>","descriptionShort":"Zur Anwendung bei Pilzinfektionen der Haut","keywords":[],"unit":"g","unitQuantityString":"50","masterID":"04941490","indicationRanges":["Antimykotika","Externa","Synthetika: Imidazol- und Triazolderivate (Monopräparate)"],"ratingCount":25,"averageRating":4.8,"attributes":["apothekenpflichtig","Arzneimittel"],"prescriptionMedicine":false,"price":294,"listPrice":428,"netRetailPrice":253,"priceFormatted":"€ 2,94","listPriceFormatted":"€ 4,28","potency":"","ifap":"Clotrimazol ist ein Wirkstoff aus der Gruppe der Breitspektrum-Antimykotika (Mittel zur Behandlung von Pilzinfektionen). Das Arzneimittel wird angewendet bei Pilzinfektionen der Haut durch Dermatophyten, Hefen (z. B. Candida-Arten), Schimmelpilze und andere, wie Malassezia furfur sowie Infektionen durch Corynebakterium minutissimum. Diese können sich äußern als Mykosen der Füße, Mykosen der Haut und der Hautfalten, Pityriasis versicolor, Erythrasma, oberflächliche Candidosen.","image":"https://cdn.shop-apotheke.com/images/clotrimazol-al-1-creme-D04941509-p1.jpg","hasImage":true,"deeplink":"arzneimittel/4941509/clotrimazol-al-1.htm","applicablePromotions":"","variantDetails":"04941490|04941509|31|50 g|294|arzneimittel/4941509/clotrimazol-al-1.htm|product.stockStatus.available","stockStatus":"","stockStatusReason":"product.stockStatus.available","inStock":true,"pricePerUnit":"5,88 € / 100 g","discountInPercent":31,"created":1445167525000,"lastChanged":1598591410000,"ratingsLink":"/produktbewertungen/4941509/clotrimazol-al-1.htm","ean":"4150049415092","RPMultiplier":1,"ribbonText":"","primaryCategory":["Die Online-Apotheke für Deutschland","Die Online-Apotheke für Deutschland/Arzneimittel & weitere Produkte ","Die Online-Apotheke für Deutschland/Arzneimittel & weitere Produkte /Haut, Haare & Nägel","Die Online-Apotheke für Deutschland/Arzneimittel & weitere Produkte /Haut, Haare & Nägel/Haut","Die Online-Apotheke für Deutschland/Arzneimittel & weitere Produkte /Haut, Haare & Nägel/Haut/Pilzinfektion","Die Online-Apotheke für Deutschland/Arzneimittel & weitere Produkte /Haut, Haare & Nägel/Haut/Pilzinfektion/Haut- & Fußpilz"],"topsellerCountBucket":11,"filterAttributes":[],"filterRating":0.2,"packSize":"50 g","variants":[{"id":"04941490","text":"Zur Anwendung bei Pilzinfektionen der Haut","webDetailPath":"arzneimittel/4941490/clotrimazol-al-1.htm","stock":"product.stockStatus.available","active":true,"discount":"27","retailPrice":"189","listPrice":"260","packSize":"20 g","nowProductGroup":"none","attributes":["apothekenpflichtig","Arzneimittel"],"productName":"Clotrimazol AL 1%","pricePerUnit":"9,45 € / 100 g","imageUrl":"https://cdn.shop-apotheke.com/images/clotrimazol-al-1-creme-D04941490-p1.jpg","pharmaForm":"Creme","ribbonText":"","RPMultiplier":"1"},{"id":"04941509","text":"Zur Anwendung bei Pilzinfektionen der Haut","webDetailPath":"arzneimittel/4941509/clotrimazol-al-1.htm","stock":"product.stockStatus.available","active":false,"discount":"31","retailPrice":"294","listPrice":"428","packSize":"50 g","nowProductGroup":"sameday_nextday","attributes":["apothekenpflichtig","Arzneimittel"],"productName":"Clotrimazol AL 1%","pricePerUnit":"5,88 € / 100 g","imageUrl":"https://cdn.shop-apotheke.com/images/clotrimazol-al-1-creme-D04941509-p1.jpg","pharmaForm":"Creme","ribbonText":"","RPMultiplier":"1"}],"master":false,"marketplace":false,"nowProductGroup":"sameday_nextday","notOnStockMessage":"","stockStatusColor":"green","categoryCodes":["csd00001","csd00144","csd00158","csd00168","csd00169","root","catalogs","main","landingpages","csd04003","brandshop","csd1914","csd1920"],"prices":{"listPrice":{"amount":4.28,"net":3.69,"currency":"EUR","info":{"index":1,"text":"AVP / UVP"}},"retailPrice":{"amount":2.94,"net":2.53,"currency":"EUR","info":{"index":1,"text":"AVP / UVP"}}},"calculatedRatingRanking":3.27,"objectID":"04941509","_highlightResult":{"activeSubstances":[{"value":"Clotrimazol","matchLevel":"none","matchedWords":[]}]},"_rankingInfo":{"nbTypos":0,"firstMatchedWord":0,"proximityDistance":0,"userScore":224,"geoDistance":0,"geoPrecision":1,"nbExactWords":0,"words":1,"filters":1,"personalization":{"score":0,"rankingScore":0,"filtersScore":0,"textualRelevanceBucket":1,"initialPosition":176,"newPosition":176}}},{"brandCode":"csd02098","pzn":"03099625","productName":"AZARON® Stift","secondaryCategories":["Allergie & Asthma","Allergische Hautreaktion","Landingpages","Topseller Allergie","Produkt-Promotions CRM","SHOP APOTHEKE NOW! Allergie","Landingpages","Unsere Top-Produkte","Landingpages","NOW! Reiseapotheke","Landingpages","RedPoints Moonlight Aktion","Landingpages","100 Topseller","Landingpages","Top Kunden Sommer","Landingpages","SHOP APOTHEKE NOW!","Healthy Deals","Healthy Deals Reiseapotheke","Healthy Deals","Healthy Deals Aktionsprodukte","Landingpages","Insektenschutz & Sonnenbrand","Landingpages","Sommerliche Erfrischung","Landingpages","Healthy Deals App-Angebote"],"manufacturer":"Omega Pharma Deutschland GmbH","pharmaForm":"Stifte","brand":"Azaron","brandIntern":"AZARON®","subBrandIntern":"","activeSubstances":["Tripelennamin hydrochlorid"],"additiveSubstances":["Natrium stearat","Wasser, gereinigtes","Propylenglycol"],"additiveSubstancesHtml":"<ul><li>Natrium stearat</li><li>Wasser, gereinigtes</li><li>Propylenglycol</li></ul>","descriptionShort":"Zur Linderung von Juckreiz nach Insektenstichen","keywords":[],"unit":"g","unitQuantityString":"5,75","masterID":"03099625","indicationRanges":["Antiallergika","Externa","Corticoidfreie"],"ratingCount":40,"averageRating":4.8,"attributes":["apothekenpflichtig","Arzneimittel"],"prescriptionMedicine":false,"price":579,"listPrice":895,"netRetailPrice":499,"priceFormatted":"€ 5,79","listPriceFormatted":"€ 8,95","potency":"","ifap":"Das Präparat ist ein Stift zum Auftragen auf die Haut, der eingesetzt wird bei Juckreiz nach Insektenstichen. Zur Linderung oder symptomatischen Beseitigung von Juckreiz nach Insektenstichen oder -bissen und nach Kontakt mit Quallen oder Brennnesseln.","image":"https://cdn.shop-apotheke.com/images/azaron-stift-stifte-D03099625-p10.jpg","hasImage":true,"deeplink":"arzneimittel/3099625/azaron-stift.htm","applicablePromotions":"","variantDetails":"03099625|03099625|35|5,75 g|579|arzneimittel/3099625/azaron-stift.htm|product.stockStatus.available","stockStatus":"","stockStatusReason":"product.stockStatus.available","inStock":true,"pricePerUnit":"100,70 € / 100 g","discountInPercent":35,"created":1445165415000,"lastChanged":1598569412000,"ratingsLink":"/produktbewertungen/3099625/azaron-stift.htm","ean":"","RPMultiplier":1,"ribbonText":"","primaryCategory":["Die Online-Apotheke für Deutschland","Die Online-Apotheke für Deutschland/Arzneimittel & weitere Produkte ","Die Online-Apotheke für Deutschland/Arzneimittel & weitere Produkte /Haus- & Reiseapotheke","Die Online-Apotheke für Deutschland/Arzneimittel & weitere Produkte /Haus- & Reiseapotheke/Reiseapotheke","Die Online-Apotheke für Deutschland/Arzneimittel & weitere Produkte /Haus- & Reiseapotheke/Reiseapotheke/Sonnenbrand, Insektenstichen & Allergien"],"topsellerCountBucket":11,"filterAttributes":[],"filterRating":0.2,"packSize":"5,75 g","variants":[{"id":"03099625","text":"Zur Linderung von Juckreiz nach Insektenstichen","webDetailPath":"arzneimittel/3099625/azaron-stift.htm","stock":"product.stockStatus.available","active":true,"discount":"35","retailPrice":"579","listPrice":"895","packSize":"5,75 g","nowProductGroup":"sameday_nextday","attributes":["apothekenpflichtig","Arzneimittel"],"productName":"AZARON® Stift","pricePerUnit":"100,70 € / 100 g","imageUrl":"https://cdn.shop-apotheke.com/images/azaron-stift-stifte-D03099625-p10.jpg","pharmaForm":"Stifte","ribbonText":"","RPMultiplier":"1"}],"master":true,"marketplace":true,"nowProductGroup":"sameday_nextday","notOnStockMessage":"","stockStatusColor":"green","categoryCodes":["csd00001","csd00077","csd00116","csd01569","csd00010","csd00014","root","catalogs","main","landingpages","csd03290","csd03339","csd03987","csd03988","csd03340","csd03344","csd03461","csd03476","csd03506","csd03516","csd01434","csd02968","csd03569","csd03635","csd03715","csd04004","csd04411"],"prices":{"listPrice":{"amount":8.95,"net":7.72,"currency":"EUR","info":{"index":1,"text":"AVP / UVP"}},"retailPrice":{"amount":5.79,"net":4.99,"currency":"EUR","info":{"index":1,"text":"AVP / UVP"}}},"calculatedRatingRanking":3.52,"objectID":"03099625","_highlightResult":{"activeSubstances":[{"value":"Tripelennamin hydrochlorid","matchLevel":"none","matchedWords":[]}]},"_rankingInfo":{"nbTypos":0,"firstMatchedWord":0,"proximityDistance":0,"userScore":223,"geoDistance":0,"geoPrecision":1,"nbExactWords":0,"words":1,"filters":1,"personalization":{"score":0,"rankingScore":0,"filtersScore":0,"textualRelevanceBucket":1,"initialPosition":177,"newPosition":177}}},{"brandCode":"csd2242","pzn":"01743631","productName":"ASPIRIN® Effect Granulat","secondaryCategories":["Schmerzen","Regelschmerzen","Ratgeber","Kopfschmerzen","Schmerzen","Fiebersenkende Schmerzmittel","Erkältung & Grippe","Fiebersenkende Schmerzmittel","Kopfschmerzen","ASS & Aspirin","Landingpages","Mai Aktion","Landingpages","Mai Kracher","Healthy Deals","RedPoints-Aktion"],"manufacturer":"Bayer Vital GmbH","pharmaForm":"Granulat","brand":"Aspirin Effect","brandIntern":"ASPIRIN®","subBrandIntern":"Effect","activeSubstances":["Acetylsalicylsäure"],"additiveSubstances":["Aromastoffe, natürlich, naturidentisch","Aspartam","Mannitol","Ascorbinsäure","Natriumhydrogencarbonat","Citronensäure","Natrium dihydrogencitrat"],"additiveSubstancesHtml":"<ul><li>Aromastoffe, natürlich, naturidentisch</li><li>Aspartam</li><li>Mannitol</li><li>Ascorbinsäure</li><li>Natriumhydrogencarbonat</li><li>Citronensäure</li><li>Natrium dihydrogencitrat</li></ul>","descriptionShort":"Einnahme ohne Wasser, bei Kopfschmerzen perfekt für unterwegs","keywords":["kopfschmerzen","regelschmerzen","schmerzen","zahnschmerzen"],"unit":"St","unitQuantityString":"20","masterID":"01405147","indicationRanges":["Analgetika/ Antipyretika","Antipyretisch wirkende Analgetika","Salicylsäure-Derivate (Monopräparate)"],"ratingCount":46,"averageRating":4.8,"attributes":["apothekenpflichtig","Arzneimittel"],"prescriptionMedicine":false,"price":680,"listPrice":1014,"netRetailPrice":586,"priceFormatted":"€ 6,80","listPriceFormatted":"€ 10,14","potency":"","ifap":"Das Arzneimittel ist ein schmerzstillendes, fiebersenkendes und entzündungshemmendes Arzneimittel (nichtsteroidales Antiphlogistikum / Analgetikum). Das Arzneimittel wird angewendet bei:leichten bis mäßig starken Schmerzen Fieber Bitte beachten Sie die Angaben für Kinder und Jugendliche. Wenn Sie sich nach 4 Tagen nicht besser oder gar schlechter fühlen, wenden Sie sich an Ihren Arzt.","image":"https://cdn.shop-apotheke.com/images/aspirin-effect-granulat-granulat-D01743631-p1.jpg","hasImage":true,"deeplink":"arzneimittel/1743631/aspirin-effect-granulat.htm","applicablePromotions":"","variantDetails":"01405147|01743631|33|20 St|680|arzneimittel/1743631/aspirin-effect-granulat.htm|product.stockStatus.available","stockStatus":"","stockStatusReason":"product.stockStatus.available","inStock":true,"pricePerUnit":"","discountInPercent":33,"created":1445168413000,"lastChanged":1598578307000,"ratingsLink":"/produktbewertungen/1743631/aspirin-effect-granulat.htm","ean":"","RPMultiplier":1,"ribbonText":"","primaryCategory":["Die Online-Apotheke für Deutschland","Die Online-Apotheke für Deutschland/Arzneimittel & weitere Produkte ","Die Online-Apotheke für Deutschland/Arzneimittel & weitere Produkte /Schmerzen","Die Online-Apotheke für Deutschland/Arzneimittel & weitere Produkte /Schmerzen/Migräne"],"topsellerCountBucket":11,"filterAttributes":[],"filterRating":0.2,"packSize":"20 St","variants":[{"id":"01405147","text":"Einnahme ohne Wasser, bei Kopfschmerzen perfekt für unterwegs","webDetailPath":"arzneimittel/1405147/aspirin-effect-granulat.htm","stock":"product.stockStatus.available","active":true,"discount":"30","retailPrice":"424","listPrice":"603","packSize":"10 St","nowProductGroup":"sameday_nextday","attributes":["apothekenpflichtig","Arzneimittel"],"productName":"ASPIRIN® Effect Granulat","pricePerUnit":"","imageUrl":"https://cdn.shop-apotheke.com/images/aspirin-effect-granulat-granulat-D01405147-p1.jpg","pharmaForm":"Granulat","ribbonText":"","RPMultiplier":"1"},{"id":"01743631","text":"Einnahme ohne Wasser, bei Kopfschmerzen perfekt für unterwegs","webDetailPath":"arzneimittel/1743631/aspirin-effect-granulat.htm","stock":"product.stockStatus.available","active":false,"discount":"33","retailPrice":"680","listPrice":"1014","packSize":"20 St","nowProductGroup":"sameday_nextday","attributes":["apothekenpflichtig","Arzneimittel"],"productName":"ASPIRIN® Effect Granulat","pricePerUnit":"","imageUrl":"https://cdn.shop-apotheke.com/images/aspirin-effect-granulat-granulat-D01743631-p1.jpg","pharmaForm":"Granulat","ribbonText":"","RPMultiplier":"1"}],"master":false,"marketplace":false,"nowProductGroup":"sameday_nextday","notOnStockMessage":"","stockStatusColor":"green","categoryCodes":["csd00001","csd00269","csd00278","csd00275","csd00280","csd00061","csd01059","root","catalogs","main","themeshop","csd01416","csd02394","csd02396","csd01434","csd02968","csd03288","landingpages","csd03995","csd03997"],"prices":{"listPrice":{"amount":10.14,"net":8.74,"currency":"EUR","info":{"index":1,"text":"AVP / UVP"}},"retailPrice":{"amount":6.8,"net":5.86,"currency":"EUR","info":{"index":1,"text":"AVP / UVP"}}},"calculatedRatingRanking":3.6,"objectID":"01743631","_highlightResult":{"activeSubstances":[{"value":"<ais-highlight-0000000000>A</ais-highlight-0000000000>cetylsalicylsäure","matchLevel":"full","fullyHighlighted":false,"matchedWords":["a"]}]},"_rankingInfo":{"nbTypos":0,"firstMatchedWord":0,"proximityDistance":0,"userScore":222,"geoDistance":0,"geoPrecision":1,"nbExactWords":0,"words":1,"filters":1,"personalization":{"score":0,"rankingScore":0,"filtersScore":0,"textualRelevanceBucket":1,"initialPosition":178,"newPosition":178}}},{"brandCode":"csd01742","pzn":"14439627","productName":"doc® Ibuprofen Schmerzgel inkl. Dosierspender","secondaryCategories":["Schmerzen","Muskel- & Gelenkschmerzen","Muskeln, Knochen & Gelenke","Gelenkschmerzen","Sportverletzung","Schmerzgel"],"manufacturer":"HERMES Arzneimittel GmbH","pharmaForm":"Gel","brand":"Doc","brandIntern":"doc® ","subBrandIntern":"Ibuprofen","activeSubstances":["Ibuprofen"],"additiveSubstances":["Isopropanol","Dimethyl isosorbid","Triglyceride, mittelkettige","Wasser, gereinigtes","Bitterorangenblütenöl","Lavendelöl","Poloxamer"],"additiveSubstancesHtml":"<ul><li>Isopropanol</li><li>Dimethyl isosorbid</li><li>Triglyceride, mittelkettige</li><li>Wasser, gereinigtes</li><li>Bitterorangenblütenöl</li><li>Lavendelöl</li><li>Poloxamer</li></ul>","descriptionShort":"Schmerzlindernd und entzündungshemmend bei Rücken-, Muskel- und Gelenkschmerzen","keywords":[],"unit":"kg","unitQuantityString":"1","masterID":"05853351","indicationRanges":["Antirheumatika/ Antiphlogistika","Externa","Nichtsteroidale Antirheumatika/ Antiphlogistika"],"ratingCount":175,"averageRating":4.79,"attributes":["apothekenpflichtig","Arzneimittel"],"prescriptionMedicine":false,"price":6804,"listPrice":8315,"netRetailPrice":5866,"priceFormatted":"€ 68,04","listPriceFormatted":"€ 83,15","potency":"","ifap":"Das Präparat ist ein schmerzlinderndes und entzündungshemmendes Mittel zum Einreiben. Das Arzneimittel wird angewendetZur alleinigen oder unterstützenden äußerlichen Behandlung bei Schwellungen bzw. Entzündungen der gelenknahen Weichteile (z.B. Schleimbeutel, Sehnen, Sehnenscheiden, Bänder und Gelenkkapsel), Sport- und Unfallverletzungen, wie Prellungen, Verstauchungen, Zerrungen.","image":"https://cdn.shop-apotheke.com/images/doc-ibuprofen-schmerzgel-inkl-dosierspender-gel-D14439627-p1.jpg","hasImage":true,"deeplink":"arzneimittel/14439627/doc-ibuprofen-schmerzgel-inkl-dosierspender.htm","applicablePromotions":"","variantDetails":"05853351|14439627|18|1 kg|6804|arzneimittel/14439627/doc-ibuprofen-schmerzgel-inkl-dosierspender.htm|product.stockStatus.available","stockStatus":"","stockStatusReason":"product.stockStatus.available","inStock":true,"pricePerUnit":"68,04 € / kg","discountInPercent":18,"created":1549528312000,"lastChanged":1598572754000,"ratingsLink":"/produktbewertungen/14439627/doc-ibuprofen-schmerzgel-inkl-dosierspender.htm","ean":"","RPMultiplier":1,"ribbonText":"","primaryCategory":["Die Online-Apotheke für Deutschland","Die Online-Apotheke für Deutschland/Arzneimittel & weitere Produkte ","Die Online-Apotheke für Deutschland/Arzneimittel & weitere Produkte /Schmerzen","Die Online-Apotheke für Deutschland/Arzneimittel & weitere Produkte /Schmerzen/Äußerliche Anwendung","Die Online-Apotheke für Deutschland/Arzneimittel & weitere Produkte /Schmerzen/Äußerliche Anwendung/Schmerzgele & -salben"],"topsellerCountBucket":11,"filterAttributes":[],"filterRating":0.21,"packSize":"1 kg","variants":[{"id":"14439627","text":"Schmerzlindernd und entzündungshemmend bei Rücken-, Muskel- und Gelenkschmerzen","webDetailPath":"arzneimittel/14439627/doc-ibuprofen-schmerzgel-inkl-dosierspender.htm","stock":"product.stockStatus.available","active":false,"discount":"18","retailPrice":"6804","listPrice":"8315","packSize":"1 kg","nowProductGroup":"none","attributes":["apothekenpflichtig","Arzneimittel"],"productName":"doc® Ibuprofen Schmerzgel inkl. Dosierspender","pricePerUnit":"68,04 € / kg","imageUrl":"https://cdn.shop-apotheke.com/images/doc-ibuprofen-schmerzgel-inkl-dosierspender-gel-D14439627-p1.jpg","pharmaForm":"Gel","ribbonText":"","RPMultiplier":"1"},{"id":"09440203","text":"Schmerzlindernd und entzündungshemmend bei Rücken-, Muskel- und Gelenkschmerzen","webDetailPath":"arzneimittel/9440203/doc-ibuprofen-schmerzgel.htm","stock":"product.stockStatus.available","active":false,"discount":"11","retailPrice":"4200","listPrice":"4708","packSize":"1 kg","nowProductGroup":"sameday_nextday","attributes":["apothekenpflichtig","Arzneimittel"],"productName":"doc® Ibuprofen Schmerzgel","pricePerUnit":"42,00 € / kg","imageUrl":"https://cdn.shop-apotheke.com/images/doc-ibuprofen-schmerzgel-gel-D09440203-p1.jpg","pharmaForm":"Gel","ribbonText":"","RPMultiplier":"1"},{"id":"05853351","text":"Schmerzlindernd und entzündungshemmend bei Rücken-, Muskel- und Gelenkschmerzen","webDetailPath":"arzneimittel/5853351/doc-ibuprofen-schmerzgel.htm","stock":"product.stockStatus.available","active":true,"discount":"23","retailPrice":"627","listPrice":"814","packSize":"50 g","nowProductGroup":"sameday_nextday","attributes":["apothekenpflichtig","Arzneimittel"],"productName":"doc® Ibuprofen Schmerzgel","pricePerUnit":"12,54 € / 100 g","imageUrl":"https://cdn.shop-apotheke.com/images/doc-ibuprofen-schmerzgel-gel-D05853351-p1.jpg","pharmaForm":"Gel","ribbonText":"","RPMultiplier":"1"},{"id":"05853368","text":"Schmerzlindernd und entzündungshemmend bei Rücken-, Muskel- und Gelenkschmerzen","webDetailPath":"arzneimittel/5853368/doc-ibuprofen-schmerzgel.htm","stock":"product.stockStatus.available","active":false,"discount":"22","retailPrice":"1135","listPrice":"1448","packSize":"100 g","nowProductGroup":"sameday_nextday","attributes":["apothekenpflichtig","Arzneimittel"],"productName":"doc® Ibuprofen Schmerzgel","pricePerUnit":"11,35 € / 100 g","imageUrl":"https://cdn.shop-apotheke.com/images/doc-ibuprofen-schmerzgel-gel-D05853368-p1.jpg","pharmaForm":"Gel","ribbonText":"","RPMultiplier":"1"},{"id":"07770675","text":"Schmerzlindernd und entzündungshemmend bei Rücken-, Muskel- und Gelenkschmerzen","webDetailPath":"arzneimittel/7770675/doc-ibuprofen-schmerzgel.htm","stock":"product.stockStatus.available","active":false,"discount":"21","retailPrice":"1458","listPrice":"1842","packSize":"150 g","nowProductGroup":"sameday_nextday","attributes":["apothekenpflichtig","Arzneimittel"],"productName":"doc® Ibuprofen Schmerzgel","pricePerUnit":"9,72 € / 100 g","imageUrl":"https://cdn.shop-apotheke.com/images/doc-ibuprofen-schmerzgel-gel-D07770675-p1.jpg","pharmaForm":"Gel","ribbonText":"","RPMultiplier":"1"}],"master":false,"marketplace":false,"nowProductGroup":"none","notOnStockMessage":"","stockStatusColor":"green","categoryCodes":["csd00001","csd00269","csd00271","csd00274","csd00276","csd00263","csd01121","csd03575","csd00283","csd03626","csd02283"],"prices":{"listPrice":{"amount":83.15,"net":71.68,"currency":"EUR","info":{"index":1,"text":"AVP / UVP"}},"retailPrice":{"amount":68.04,"net":58.66,"currency":"EUR","info":{"index":1,"text":"AVP / UVP"}}},"calculatedRatingRanking":4.28,"objectID":"14439627","_highlightResult":{"activeSubstances":[{"value":"Ibuprofen","matchLevel":"none","matchedWords":[]}]},"_rankingInfo":{"nbTypos":0,"firstMatchedWord":0,"proximityDistance":0,"userScore":221,"geoDistance":0,"geoPrecision":1,"nbExactWords":0,"words":1,"filters":1,"personalization":{"score":0,"rankingScore":0,"filtersScore":0,"textualRelevanceBucket":1,"initialPosition":179,"newPosition":179}}},{"brandCode":"csd2234","pzn":"02830585","productName":"ANTI BRUMM® forte Pumpzerstäuber","secondaryCategories":["Landingpages","Unsere Top-Produkte","Landingpages","NOW! Reiseapotheke","Landingpages","SHOP APOTHEKE NOW!","Healthy Deals","Healthy Deals Aktionsprodukte","Landingpages","Insektenschutz & Sonnenbrand","Landingpages","RedPoints Sommeraktion","Landingpages","Mücken- und Sonnenschutz","Healthy Deals","RedPoints-Aktion"],"manufacturer":"HERMES Arzneimittel GmbH","pharmaForm":"Flüssigkeit","brand":"Anti Brumm Forte","brandIntern":"ANTI BRUMM®","subBrandIntern":"forte","activeSubstances":["Diethyltoluamid"],"additiveSubstances":["D-Limonen","Eugenol","Linalool","Benzyl benzoat","Cumarin","7-Hydroxy-3,7-dimethyloctanal","Zimtalkohol","Citronellol","3-Methyl-4-(2,6,6-trimethylcyclohex-2-enyl)but-3-en-2-on","Geraniol","Ethanol"],"additiveSubstancesHtml":"<ul><li>D-Limonen</li><li>Eugenol</li><li>Linalool</li><li>Benzyl benzoat</li><li>Cumarin</li><li>7-Hydroxy-3,7-dimethyloctanal</li><li>Zimtalkohol</li><li>Citronellol</li><li>3-Methyl-4-(2,6,6-trimethylcyclohex-2-enyl)but-3-en-2-on</li><li>Geraniol</li><li>Ethanol</li></ul>","descriptionShort":"Die wirkungsvolle Abwehr gegen Insekten - mit Langzeitschutz","keywords":[],"unit":"ml","unitQuantityString":"150","masterID":"02830579","indicationRanges":["Kosmetika und Kinderpflegemittel","Insektenschutz"],"ratingCount":73,"averageRating":4.79,"attributes":[],"prescriptionMedicine":false,"price":1635,"listPrice":1720,"netRetailPrice":1409,"priceFormatted":"€ 16,35","listPriceFormatted":"€ 17,20","potency":"","ifap":"","image":"https://cdn.shop-apotheke.com/images/anti-brumm-forte-pumpzerstaeuber-fluessigkeit-D02830585-p1.jpg","hasImage":true,"deeplink":"arzneimittel/2830585/anti-brumm-forte-pumpzerstaeuber.htm","applicablePromotions":"","variantDetails":"02830579|02830585|5|150 ml|1635|arzneimittel/2830585/anti-brumm-forte-pumpzerstaeuber.htm|product.stockStatus.available","stockStatus":"","stockStatusReason":"product.stockStatus.available","inStock":true,"pricePerUnit":"10,90 € / 100 ml","discountInPercent":5,"created":1445169302000,"lastChanged":1598569291000,"ratingsLink":"/produktbewertungen/2830585/anti-brumm-forte-pumpzerstaeuber.htm","ean":"7640102475073","RPMultiplier":1,"ribbonText":"","primaryCategory":["Die Online-Apotheke für Deutschland","Die Online-Apotheke für Deutschland/Arzneimittel & weitere Produkte ","Die Online-Apotheke für Deutschland/Arzneimittel & weitere Produkte /Haus- & Reiseapotheke","Die Online-Apotheke für Deutschland/Arzneimittel & weitere Produkte /Haus- & Reiseapotheke/Reiseapotheke","Die Online-Apotheke für Deutschland/Arzneimittel & weitere Produkte /Haus- & Reiseapotheke/Reiseapotheke/Insekten- & Mückenschutz"],"topsellerCountBucket":11,"filterAttributes":[],"filterRating":0.21,"packSize":"150 ml","variants":[{"id":"02830579","text":"Die wirkungsvolle Abwehr gegen Insekten - mit Langzeitschutz","webDetailPath":"arzneimittel/2830579/anti-brumm-forte-pumpzerstaeuber.htm","stock":"product.stockStatus.available","active":true,"discount":"0","retailPrice":"1047","listPrice":"1047","packSize":"75 ml","nowProductGroup":"sameday_nextday","attributes":[],"productName":"ANTI BRUMM® forte Pumpzerstäuber","pricePerUnit":"13,96 € / 100 ml","imageUrl":"https://cdn.shop-apotheke.com/images/anti-brumm-forte-pumpzerstaeuber-fluessigkeit-D02830579-p1.jpg","pharmaForm":"Flüssigkeit","ribbonText":"","RPMultiplier":"1"},{"id":"02830585","text":"Die wirkungsvolle Abwehr gegen Insekten - mit Langzeitschutz","webDetailPath":"arzneimittel/2830585/anti-brumm-forte-pumpzerstaeuber.htm","stock":"product.stockStatus.available","active":false,"discount":"5","retailPrice":"1635","listPrice":"1720","packSize":"150 ml","nowProductGroup":"sameday_nextday","attributes":[],"productName":"ANTI BRUMM® forte Pumpzerstäuber","pricePerUnit":"10,90 € / 100 ml","imageUrl":"https://cdn.shop-apotheke.com/images/anti-brumm-forte-pumpzerstaeuber-fluessigkeit-D02830585-p1.jpg","pharmaForm":"Flüssigkeit","ribbonText":"","RPMultiplier":"1"}],"master":false,"marketplace":true,"nowProductGroup":"sameday_nextday","notOnStockMessage":"","stockStatusColor":"green","categoryCodes":["csd00001","csd00077","csd00116","csd01578","csd01434","csd02968","csd03288","root","catalogs","main","landingpages","csd03339","csd03476","csd03506","csd03635","csd04004","csd04394","csd04412"],"prices":{"listPrice":{"amount":17.2,"net":14.83,"currency":"EUR","info":{"index":1,"text":"AVP / UVP"}},"retailPrice":{"amount":16.35,"net":14.09,"currency":"EUR","info":{"index":1,"text":"AVP / UVP"}}},"calculatedRatingRanking":3.86,"objectID":"02830585","_highlightResult":{"activeSubstances":[{"value":"Diethyltoluamid","matchLevel":"none","matchedWords":[]}]},"_rankingInfo":{"nbTypos":0,"firstMatchedWord":0,"proximityDistance":0,"userScore":220,"geoDistance":0,"geoPrecision":1,"nbExactWords":0,"words":1,"filters":1,"personalization":{"score":0,"rankingScore":0,"filtersScore":0,"textualRelevanceBucket":1,"initialPosition":180,"newPosition":180}}},{"brandCode":"csd2614","pzn":"04115272","productName":"Neurexan® Tabletten","secondaryCategories":["Beruhigung, Schlaf & Nerven","Beruhigung & Schlaf","Homöopathie & Naturprodukte","Komplexmittel","Beruhigung, Schlaf & Nerven","Homöopathische Produkte","Black Friday®","30% und mehr","Landingpages","Unsere Topseller","Landingpages","Topseller","Landingpages","Topseller","UNSERE ADVENTS-ÜBERASCHUNG EXKLUSIV FÜR UNSERE BESTEN KUNDEN.","Advent 2","Landingpages","SHOP APOTHEKE NOW!"],"manufacturer":"Biologische Heilmittel Heel GmbH","pharmaForm":"Tabletten","brand":"Neurexan","brandIntern":"Heel","subBrandIntern":"Neurexan®","activeSubstances":["Avena sativa D2","Coffea arabica D12","Passiflora incarnata D2","Zincum isovalerianicum D4"],"additiveSubstances":["Magnesium stearat","Lactose-1-Wasser"],"additiveSubstancesHtml":"<ul><li>Magnesium stearat</li><li>Lactose-1-Wasser</li></ul>","descriptionShort":"Homöopathisches Arzneimittel bei nervösen Beschwerden","keywords":["beruhigungsmittel","nervös","nervösebeschwerden","unruhe"],"unit":"St","unitQuantityString":"100","masterID":"04115272","indicationRanges":["Hypnotika/ Sedativa","Homöopathika"],"ratingCount":335,"averageRating":4.78,"attributes":["apothekenpflichtig","homöopathisch","Arzneimittel"],"prescriptionMedicine":false,"price":1913,"listPrice":2415,"netRetailPrice":1649,"priceFormatted":"€ 19,13","listPriceFormatted":"€ 24,15","potency":"","ifap":"Homöopathisches Arzneimittel bei nervösen Beschwerden AnwendungsgebieteDie Anwendungsgebiete leiten sich von den homöopathischen Arzneimittelbildern ab. Dazu gehören: Schlafstörungen und nervöse Unruhezustände. Hinweis:Bei anhaltenden, unklaren oder neu auftretenden Beschwerden sollte ein Arzt aufgesucht werden, da es sich um Erkrankungen handeln kann, die einer ärztlichen Abklärung bedürfen.","image":"https://cdn.shop-apotheke.com/images/neurexan-tabletten-tabletten-D04115272-p1.jpg","hasImage":true,"deeplink":"homoeopathie/4115272/neurexan-tabletten.htm","applicablePromotions":"","variantDetails":"04115272|04115272|21|100 St|1913|homoeopathie/4115272/neurexan-tabletten.htm|product.stockStatus.available","stockStatus":"","stockStatusReason":"product.stockStatus.available","inStock":true,"pricePerUnit":"","discountInPercent":21,"created":1445168437000,"lastChanged":1598569712000,"ratingsLink":"/produktbewertungen/4115272/neurexan-tabletten.htm","ean":"4047642007390","RPMultiplier":1,"ribbonText":"","primaryCategory":["Die Online-Apotheke für Deutschland","Die Online-Apotheke für Deutschland/Homöopathie & Naturprodukte","Die Online-Apotheke für Deutschland/Homöopathie & Naturprodukte/Anwendungsgebiete","Die Online-Apotheke für Deutschland/Homöopathie & Naturprodukte/Anwendungsgebiete/Homöopathisch","Die Online-Apotheke für Deutschland/Homöopathie & Naturprodukte/Anwendungsgebiete/Homöopathisch/Beruhigung, Schlaf & Nerven"],"topsellerCountBucket":11,"filterAttributes":["homöopathisch"],"filterRating":0.22,"packSize":"100 St","variants":[{"id":"04115272","text":"Homöopathisches Arzneimittel bei nervösen Beschwerden","webDetailPath":"homoeopathie/4115272/neurexan-tabletten.htm","stock":"product.stockStatus.available","active":true,"discount":"21","retailPrice":"1913","listPrice":"2415","packSize":"100 St","nowProductGroup":"sameday_nextday","attributes":["apothekenpflichtig","homöopathisch","Arzneimittel"],"productName":"Neurexan® Tabletten","pricePerUnit":"","imageUrl":"https://cdn.shop-apotheke.com/images/neurexan-tabletten-tabletten-D04115272-p1.jpg","pharmaForm":"Tabletten","ribbonText":"","RPMultiplier":"1"}],"master":true,"marketplace":true,"nowProductGroup":"sameday_nextday","notOnStockMessage":"","stockStatusColor":"green","categoryCodes":["csd00850","csd00851","csd00852","csd00856","csd00001","csd00034","csd00035","csd01074","csd01388","csd01434","csd02271","csd02859","root","catalogs","main","landingpages","csd03273","csd03339","csd03646","csd03643","csd03647","csd03648"],"prices":{"listPrice":{"amount":24.15,"net":20.82,"currency":"EUR","info":{"index":1,"text":"AVP / UVP"}},"retailPrice":{"amount":19.13,"net":16.49,"currency":"EUR","info":{"index":1,"text":"AVP / UVP"}}},"calculatedRatingRanking":4.48,"objectID":"04115272","_highlightResult":{"activeSubstances":[{"value":"<ais-highlight-0000000000>A</ais-highlight-0000000000>vena sativa D2","matchLevel":"full","fullyHighlighted":false,"matchedWords":["a"]},{"value":"Coffea <ais-highlight-0000000000>a</ais-highlight-0000000000>rabica D12","matchLevel":"full","fullyHighlighted":false,"matchedWords":["a"]},{"value":"Passiflora incarnata D2","matchLevel":"none","matchedWords":[]},{"value":"Zincum isovalerianicum D4","matchLevel":"none","matchedWords":[]}]},"_rankingInfo":{"nbTypos":0,"firstMatchedWord":0,"proximityDistance":0,"userScore":219,"geoDistance":0,"geoPrecision":1,"nbExactWords":0,"words":1,"filters":1,"personalization":{"score":0,"rankingScore":0,"filtersScore":0,"textualRelevanceBucket":1,"initialPosition":181,"newPosition":181}}},{"brandCode":"csd04389","pzn":"01448576","productName":"WALA® Aconit Schmerzöl","secondaryCategories":["Black Friday®","30% und mehr","Landingpages","Flash Deal Homöopathie","UNSERE ADVENTS-ÜBERASCHUNG EXKLUSIV FÜR UNSERE BESTEN KUNDEN.","Advent 2","Landingpages","SHOP APOTHEKE NOW!"],"manufacturer":"WALA Heilmittel GmbH","pharmaForm":"Öl","brand":"Wala Aconit","brandIntern":"WALA®","subBrandIntern":"Aconit ","activeSubstances":["Quarz oleosum D9","Aconitum napellus e tubere ferm 33c oleosum D9","D-Campher","Lavendelöl"],"additiveSubstances":["Erdnussöl, raffiniert"],"additiveSubstancesHtml":"<ul><li>Erdnussöl, raffiniert</li></ul>","descriptionShort":"Anthroposophisches Arzneimittel zum lindern von Muskel- und Nervenschmerzen","keywords":[],"unit":"ml","unitQuantityString":"100","masterID":"01448576","indicationRanges":["Antirheumatika/ Antiphlogistika","Anthroposophika","Entzündliche Erkrankungen: Externa"],"ratingCount":169,"averageRating":4.78,"attributes":["apothekenpflichtig","homöopathisch","Arzneimittel"],"prescriptionMedicine":false,"price":1109,"listPrice":1540,"netRetailPrice":956,"priceFormatted":"€ 11,09","listPriceFormatted":"€ 15,40","potency":"","ifap":"Anwendungsgebiete:gemäß der anthroposophischen Menschen- und Naturerkenntnis. Dazu gehören:Zur Anregung des Wärmeorganismus und des Stoffwechsels bei schmerzhaften entzündlichen Erkrankungen, die vom Nerven-Sinnes-System ausgehen, z. B. Nervenschmerzen, Nervenentzündungen, Gürtelrose, rheumatische Gelenkerkrankungen","image":"https://cdn.shop-apotheke.com/images/wala-aconit-schmerzoel-oel-D01448576-p1.jpg","hasImage":true,"deeplink":"homoeopathie/1448576/wala-aconit-schmerzoel.htm","applicablePromotions":"","variantDetails":"01448576|01448576|28|100 ml|1109|homoeopathie/1448576/wala-aconit-schmerzoel.htm|product.stockStatus.available","stockStatus":"","stockStatusReason":"product.stockStatus.available","inStock":true,"pricePerUnit":"11,09 € / 100 ml","discountInPercent":28,"created":1445171718000,"lastChanged":1598568779000,"ratingsLink":"/produktbewertungen/1448576/wala-aconit-schmerzoel.htm","ean":"","RPMultiplier":1,"ribbonText":"","primaryCategory":["Die Online-Apotheke für Deutschland","Die Online-Apotheke für Deutschland/Homöopathie & Naturprodukte","Die Online-Apotheke für Deutschland/Homöopathie & Naturprodukte/Anwendungsgebiete","Die Online-Apotheke für Deutschland/Homöopathie & Naturprodukte/Anwendungsgebiete/Homöopathisch","Die Online-Apotheke für Deutschland/Homöopathie & Naturprodukte/Anwendungsgebiete/Homöopathisch/Rheuma"],"topsellerCountBucket":11,"filterAttributes":["homöopathisch"],"filterRating":0.22,"packSize":"100 ml","variants":[{"id":"01448576","text":"Anthroposophisches Arzneimittel zum lindern von Muskel- und Nervenschmerzen","webDetailPath":"homoeopathie/1448576/wala-aconit-schmerzoel.htm","stock":"product.stockStatus.available","active":true,"discount":"28","retailPrice":"1109","listPrice":"1540","packSize":"100 ml","nowProductGroup":"sameday_nextday","attributes":["apothekenpflichtig","homöopathisch","Arzneimittel"],"productName":"WALA® Aconit Schmerzöl","pricePerUnit":"11,09 € / 100 ml","imageUrl":"https://cdn.shop-apotheke.com/images/wala-aconit-schmerzoel-oel-D01448576-p1.jpg","pharmaForm":"Öl","ribbonText":"","RPMultiplier":"1"}],"master":true,"marketplace":true,"nowProductGroup":"sameday_nextday","notOnStockMessage":"","stockStatusColor":"green","categoryCodes":["csd00850","csd00851","csd00852","csd00876","csd00001","csd01434","csd02271","csd02859","root","catalogs","main","landingpages","csd03339","csd03523","csd03646","csd03643"],"prices":{"listPrice":{"amount":15.4,"net":13.28,"currency":"EUR","info":{"index":1,"text":"AVP / UVP"}},"retailPrice":{"amount":11.09,"net":9.56,"currency":"EUR","info":{"index":1,"text":"AVP / UVP"}}},"calculatedRatingRanking":4.26,"objectID":"01448576","_highlightResult":{"activeSubstances":[{"value":"Quarz oleosum D9","matchLevel":"none","matchedWords":[]},{"value":"<ais-highlight-0000000000>A</ais-highlight-0000000000>conitum napellus e tubere ferm 33c oleosum D9","matchLevel":"full","fullyHighlighted":false,"matchedWords":["a"]},{"value":"D-Campher","matchLevel":"none","matchedWords":[]},{"value":"Lavendelöl","matchLevel":"none","matchedWords":[]}]},"_rankingInfo":{"nbTypos":0,"firstMatchedWord":0,"proximityDistance":0,"userScore":218,"geoDistance":0,"geoPrecision":1,"nbExactWords":0,"words":1,"filters":1,"personalization":{"score":0,"rankingScore":0,"filtersScore":0,"textualRelevanceBucket":1,"initialPosition":182,"newPosition":182}}},{"brandCode":"","pzn":"16156023","productName":"Antistax® extra Venentabletten","secondaryCategories":["Landingpages","Sommerbeschwerden","Venen & Krampfadern","Venenstärkung","Landingpages","RedPoints Sommeraktion","Landingpages","Sommerliche Erfrischung","Healthy Deals","Healthy Deals Reiseapotheke","Landingpages","Healthy Deals App-Angebote"],"manufacturer":"Sanofi-Aventis Deutschland GmbH GB Selbstmedikation /Consumer-Care","pharmaForm":"Filmtabletten","brand":"","brandIntern":"","subBrandIntern":"","activeSubstances":["Weinblätter-Trockenextrakt (4-6:1); Auszugsmittel: Wasser"],"additiveSubstances":["Magnesium stearat","Croscarmellose natrium","Hypromellose","Crospovidon","Siliciumdioxid, hochdisperses","Glycerol tristearat","Cellulose, mikrokristalline","Eisen(III)-oxid","Calciumhydrogenphosphat","Titandioxid","Talkum"],"additiveSubstancesHtml":"<ul><li>Magnesium stearat</li><li>Croscarmellose natrium</li><li>Hypromellose</li><li>Crospovidon</li><li>Siliciumdioxid, hochdisperses</li><li>Glycerol tristearat</li><li>Cellulose, mikrokristalline</li><li>Eisen(III)-oxid</li><li>Calciumhydrogenphosphat</li><li>Titandioxid</li><li>Talkum</li></ul>","descriptionShort":"Pflanzliches Arzneimittel bei Venenerkrankungen ","keywords":[],"unit":"St","unitQuantityString":"180","masterID":"00002312","indicationRanges":["Venen- und Hämorrhoidenmittel","Phytopharmaka","Venenmittel (Interna)"],"ratingCount":115,"averageRating":4.77,"attributes":["apothekenpflichtig","pflanzlich","Arzneimittel"],"prescriptionMedicine":false,"price":6218,"listPrice":8285,"netRetailPrice":5360,"priceFormatted":"€ 62,18","listPriceFormatted":"€ 82,85","potency":"","ifap":"Das Präparat ist ein pflanzliches Arzneimittel bei Venenerkrankungen. Das Arzneimittel wird bei Erwachsenen angewendet zur Behandlung von Beschwerden bei Erkrankungen der Beinvenen (chronische Veneninsuffizienz), zum Beispiel Schmerzen und Schweregefühl in den Beinen, nächtliche Wadenkrämpfe, Juckreiz und Ödeme (Beinschwellungen).","image":"https://cdn.shop-apotheke.com/images/antistax-extra-venentabletten-filmtabletten-D16156023-p1.jpg","hasImage":true,"deeplink":"arzneimittel/16156023/antistax-extra-venentabletten.htm","applicablePromotions":"","variantDetails":"00002312|16156023|25|180 St|6218|arzneimittel/16156023/antistax-extra-venentabletten.htm|product.stockStatus.available","stockStatus":"","stockStatusReason":"product.stockStatus.available","inStock":true,"pricePerUnit":"","discountInPercent":25,"created":1589963597000,"lastChanged":1598572944000,"ratingsLink":"/produktbewertungen/16156023/antistax-extra-venentabletten.htm","ean":"","RPMultiplier":1,"ribbonText":"","primaryCategory":["Die Online-Apotheke für Deutschland","Die Online-Apotheke für Deutschland/Homöopathie & Naturprodukte","Die Online-Apotheke für Deutschland/Homöopathie & Naturprodukte/Anwendungsgebiete","Die Online-Apotheke für Deutschland/Homöopathie & Naturprodukte/Anwendungsgebiete/Pflanzlich","Die Online-Apotheke für Deutschland/Homöopathie & Naturprodukte/Anwendungsgebiete/Pflanzlich/Venenstärkung"],"topsellerCountBucket":11,"filterAttributes":["pflanzlich"],"filterRating":0.23,"packSize":"180 St","variants":[{"id":"00002312","text":"Zur Anwendung bei Erkrankungen der Beinvenen","webDetailPath":"arzneimittel/2312/antistax-extra-venentabletten.htm","stock":"product.stockStatus.available","active":true,"discount":"24","retailPrice":"1590","listPrice":"2091","packSize":"30 St","nowProductGroup":"sameday_nextday","attributes":["apothekenpflichtig","pflanzlich","Arzneimittel"],"productName":"Antistax® extra Venentabletten","pricePerUnit":"","imageUrl":"https://cdn.shop-apotheke.com/images/antistax-extra-venentabletten-filmtabletten-D00002312-p1.jpg","pharmaForm":"Filmtabletten","ribbonText":"","RPMultiplier":"1"},{"id":"00002335","text":"Zur Anwendung bei Erkrankungen der Beinvenen","webDetailPath":"arzneimittel/2335/antistax-extra-venentabletten.htm","stock":"product.stockStatus.available","active":false,"discount":"22","retailPrice":"2864","listPrice":"3652","packSize":"60 St","nowProductGroup":"sameday_nextday","attributes":["apothekenpflichtig","pflanzlich","Arzneimittel","ABO"],"productName":"Antistax® extra Venentabletten","pricePerUnit":"","imageUrl":"https://cdn.shop-apotheke.com/images/antistax-extra-venentabletten-filmtabletten-D00002335-p1.jpg","pharmaForm":"Filmtabletten","ribbonText":"","RPMultiplier":"1"},{"id":"05954715","text":"Zur Anwendung bei Erkrankungen der Beinvenen","webDetailPath":"arzneimittel/5954715/antistax-extra-venentabletten.htm","stock":"product.stockStatus.available","active":false,"discount":"23","retailPrice":"3390","listPrice":"4386","packSize":"90 St","nowProductGroup":"sameday_nextday","attributes":["apothekenpflichtig","pflanzlich","Arzneimittel","ABO"],"productName":"Antistax® extra Venentabletten","pricePerUnit":"","imageUrl":"https://cdn.shop-apotheke.com/images/antistax-extra-venentabletten-filmtabletten-D05954715-p1.jpg","pharmaForm":"Filmtabletten","ribbonText":"","RPMultiplier":"1"},{"id":"16156023","text":"Pflanzliches Arzneimittel bei Venenerkrankungen ","webDetailPath":"arzneimittel/16156023/antistax-extra-venentabletten.htm","stock":"product.stockStatus.available","active":false,"discount":"25","retailPrice":"6218","listPrice":"8285","packSize":"180 St","nowProductGroup":"sameday_nextday","attributes":["apothekenpflichtig","pflanzlich","Arzneimittel"],"productName":"Antistax® extra Venentabletten","pricePerUnit":"","imageUrl":"https://cdn.shop-apotheke.com/images/antistax-extra-venentabletten-filmtabletten-D16156023-p1.jpg","pharmaForm":"Filmtabletten","ribbonText":"","RPMultiplier":"1"}],"master":false,"marketplace":false,"nowProductGroup":"sameday_nextday","notOnStockMessage":"","stockStatusColor":"green","categoryCodes":["csd00850","csd00851","csd00884","csd00907","csd00001","csd00175","csd00184","csd00194","root","catalogs","main","landingpages","csd03461","csd01434","csd02968","csd03569","csd04003","csd04394","csd04411"],"prices":{"listPrice":{"amount":82.85,"net":71.42,"currency":"EUR","info":{"index":1,"text":"AVP / UVP"}},"retailPrice":{"amount":62.18,"net":53.6,"currency":"EUR","info":{"index":1,"text":"AVP / UVP"}}},"calculatedRatingRanking":4.08,"objectID":"16156023","_highlightResult":{"activeSubstances":[{"value":"Weinblätter-Trockenextrakt (4-6:1); <ais-highlight-0000000000>A</ais-highlight-0000000000>uszugsmittel: Wasser","matchLevel":"full","fullyHighlighted":false,"matchedWords":["a"]}]},"_rankingInfo":{"nbTypos":0,"firstMatchedWord":0,"proximityDistance":0,"userScore":217,"geoDistance":0,"geoPrecision":1,"nbExactWords":0,"words":1,"filters":1,"personalization":{"score":0,"rankingScore":0,"filtersScore":0,"textualRelevanceBucket":1,"initialPosition":183,"newPosition":183}}},{"brandCode":"csd2557","pzn":"07224435","productName":"Lorano® akut 10 mg Tabletten","secondaryCategories":["HEXAL","Allergie","Allergien","Lorano® akut","Landingpages","Allergie-Topseller","Black Friday®","40% und mehr","Landingpages","Topseller Allergie","Landingpages","Weltgesundheitstag: Hausapotheke","Landingpages","SHOP APOTHEKE NOW!","Landingpages","Mai Aktion","Landingpages","Mai Kracher"],"manufacturer":"Hexal AG","pharmaForm":"Tabletten","brand":"Lorano akut","brandIntern":"HEXAL®","subBrandIntern":"Lorano®","activeSubstances":["Loratadin"],"additiveSubstances":["Siliciumdioxid, hochdisperses","Magnesium stearat (pflanzlich)","Maisstärke","Lactose-1-Wasser"],"additiveSubstancesHtml":"<ul><li>Siliciumdioxid, hochdisperses</li><li>Magnesium stearat (pflanzlich)</li><li>Maisstärke</li><li>Lactose-1-Wasser</li></ul>","descriptionShort":"Bei Heuschnupfen und Nesselsucht","keywords":["Lorano","Heuschnupfen","Pollenallergie","Antiallergikum","Nesselsucht","allergie","birkenallergie"],"unit":"St","unitQuantityString":"100","masterID":"01797130","indicationRanges":["Antiallergika","H1-Antihistaminika (Interna)","Monopräparate"],"ratingCount":122,"averageRating":4.77,"attributes":["apothekenpflichtig","Arzneimittel"],"prescriptionMedicine":false,"price":1798,"listPrice":3488,"netRetailPrice":1550,"priceFormatted":"€ 17,98","listPriceFormatted":"€ 34,88","potency":"","ifap":"Das Arzneimittel wird angewendet zur Behandlung der Beschwerden bei allergischen Entzündungen im Inneren der Nase, z. B. Heuschnupfen chronischer Nesselsucht unbekannter Ursache.","image":"https://cdn.shop-apotheke.com/images/lorano-akut-10-mg-tabletten-tabletten-D07224435-p1.jpg","hasImage":true,"deeplink":"arzneimittel/7224435/lorano-akut-10-mg-tabletten.htm","applicablePromotions":"","variantDetails":"01797130|07224435|48|100 St|1798|arzneimittel/7224435/lorano-akut-10-mg-tabletten.htm|product.stockStatus.available","stockStatus":"","stockStatusReason":"product.stockStatus.available","inStock":true,"pricePerUnit":"","discountInPercent":48,"created":1445166932000,"lastChanged":1598570563000,"ratingsLink":"/produktbewertungen/7224435/lorano-akut-10-mg-tabletten.htm","ean":"","RPMultiplier":1,"ribbonText":"","primaryCategory":["Die Online-Apotheke für Deutschland","Die Online-Apotheke für Deutschland/Arzneimittel & weitere Produkte ","Die Online-Apotheke für Deutschland/Arzneimittel & weitere Produkte /Allergie & Asthma","Die Online-Apotheke für Deutschland/Arzneimittel & weitere Produkte /Allergie & Asthma/Allergiemittel zum Einnehmen"],"topsellerCountBucket":11,"filterAttributes":[],"filterRating":0.23,"packSize":"100 St","variants":[{"id":"01797130","text":"Bei Heuschnupfen und Nesselsucht","webDetailPath":"arzneimittel/1797130/lorano-akut-10-mg-tabletten.htm","stock":"product.stockStatus.available","active":true,"discount":"53","retailPrice":"174","listPrice":"370","packSize":"7 St","nowProductGroup":"sameday_nextday","attributes":["apothekenpflichtig","Arzneimittel"],"productName":"Lorano® akut 10 mg Tabletten","pricePerUnit":"","imageUrl":"https://cdn.shop-apotheke.com/images/lorano-akut-10-mg-tabletten-tabletten-D01797130-p1.jpg","pharmaForm":"Tabletten","ribbonText":"","RPMultiplier":"1"},{"id":"01691621","text":"Bei Heuschnupfen und Nesselsucht","webDetailPath":"arzneimittel/1691621/lorano-akut-10-mg-tabletten.htm","stock":"product.stockStatus.available","active":false,"discount":"46","retailPrice":"359","listPrice":"667","packSize":"14 St","nowProductGroup":"sameday_nextday","attributes":["apothekenpflichtig","Arzneimittel"],"productName":"Lorano® akut 10 mg Tabletten","pricePerUnit":"","imageUrl":"https://cdn.shop-apotheke.com/images/lorano-akut-10-mg-tabletten-tabletten-D01691621-p1.jpg","pharmaForm":"Tabletten","ribbonText":"","RPMultiplier":"1"},{"id":"07222502","text":"Bei Heuschnupfen und Nesselsucht","webDetailPath":"arzneimittel/7222502/lorano-akut-10-mg-tabletten.htm","stock":"product.stockStatus.available","active":false,"discount":"42","retailPrice":"499","listPrice":"854","packSize":"20 St","nowProductGroup":"sameday_nextday","attributes":["apothekenpflichtig","Arzneimittel"],"productName":"Lorano® akut 10 mg Tabletten","pricePerUnit":"","imageUrl":"https://cdn.shop-apotheke.com/images/lorano-akut-10-mg-tabletten-tabletten-D07222502-p1.jpg","pharmaForm":"Tabletten","ribbonText":"","RPMultiplier":"1"},{"id":"07222904","text":"Bei Heuschnupfen und Nesselsucht","webDetailPath":"arzneimittel/7222904/lorano-akut-10-mg-tabletten.htm","stock":"product.stockStatus.available","active":false,"discount":"50","retailPrice":"944","listPrice":"1897","packSize":"50 St","nowProductGroup":"sameday_nextday","attributes":["apothekenpflichtig","Arzneimittel"],"productName":"Lorano® akut 10 mg Tabletten","pricePerUnit":"","imageUrl":"https://cdn.shop-apotheke.com/images/lorano-akut-10-mg-tabletten-tabletten-D07222904-p1.jpg","pharmaForm":"Tabletten","ribbonText":"","RPMultiplier":"1"},{"id":"07224435","text":"Bei Heuschnupfen und Nesselsucht","webDetailPath":"arzneimittel/7224435/lorano-akut-10-mg-tabletten.htm","stock":"product.stockStatus.available","active":false,"discount":"48","retailPrice":"1798","listPrice":"3488","packSize":"100 St","nowProductGroup":"sameday_nextday","attributes":["apothekenpflichtig","Arzneimittel"],"productName":"Lorano® akut 10 mg Tabletten","pricePerUnit":"","imageUrl":"https://cdn.shop-apotheke.com/images/lorano-akut-10-mg-tabletten-tabletten-D07224435-p1.jpg","pharmaForm":"Tabletten","ribbonText":"","RPMultiplier":"1"}],"master":false,"marketplace":true,"nowProductGroup":"sameday_nextday","notOnStockMessage":"","stockStatusColor":"green","categoryCodes":["csd00001","csd00010","csd00011","csd01434","csd02271","csd02272","root","catalogs","main","themeshop","csd02356","csd02361","landingpages","csd02995","csd03290","csd03339","csd03939","csd03995","csd03997","brandshop","csd2110","csd2112"],"prices":{"listPrice":{"amount":34.88,"net":30.07,"currency":"EUR","info":{"index":1,"text":"AVP / UVP"}},"retailPrice":{"amount":17.98,"net":15.5,"currency":"EUR","info":{"index":1,"text":"AVP / UVP"}}},"calculatedRatingRanking":4.11,"objectID":"07224435","_highlightResult":{"activeSubstances":[{"value":"Loratadin","matchLevel":"none","matchedWords":[]}]},"_rankingInfo":{"nbTypos":0,"firstMatchedWord":0,"proximityDistance":0,"userScore":216,"geoDistance":0,"geoPrecision":1,"nbExactWords":0,"words":1,"filters":1,"personalization":{"score":0,"rankingScore":0,"filtersScore":0,"textualRelevanceBucket":1,"initialPosition":184,"newPosition":184}}},{"brandCode":"csd2412","pzn":"15199970","productName":"Femibion® 1 Frühschwangerschaft","secondaryCategories":["Markenshops","Femibion®","Black Friday®","Black Friday RedPoints","Valentinstag-Special","Zeit für Liebe","Geschenke für Sie & Ihn","Geschenke für Sie","Specials","Muttertags-Special","Valentinstag-Special","Valentinstagsgeschenke für Frauen","Oster-Special","Geschenke für Sie","Redirects","Geschenke für die Dame","Muttertags-Special","Muttertags-Geschenke","Landingpages","Abo Produkte"],"manufacturer":"P&G Health Germany GmbH","pharmaForm":"Tabletten","brand":"Femibion","brandIntern":"Femibion®","subBrandIntern":"1","activeSubstances":["Folsäure","Calcium-L-methyltetrahydrofolat","Kaliumiodid","Natriumselenat","Nicotinamid","Biotin","Cyanocobalamin","Eisen(II)-bisglycinat","Calcium ascorbat","Colecalciferol","Riboflavin","Cholin hydrogentartrat","Calcium pantothenat","Pyridoxin hydrochlorid","DL-α-Tocopherol acetat","Thiamin nitrat"],"additiveSubstances":["Croscarmellose","Hyprolose","Maltodextrin","Hypromellose","Tricalciumphosphat","Cellulose, mikrokristalline","Stärke, modifiziert","Speisefettsäuren, Magnesiumsalze","Sojaöl, hydriert","Speisefettsäuren","Stärke","Saccharose","Citronensäure","Macrogol","Poly(vinylalkohol)","Calciumcarbonat","Talkum"],"additiveSubstancesHtml":"<ul><li>Croscarmellose</li><li>Hyprolose</li><li>Maltodextrin</li><li>Hypromellose</li><li>Tricalciumphosphat</li><li>Cellulose, mikrokristalline</li><li>Stärke, modifiziert</li><li>Speisefettsäuren, Magnesiumsalze</li><li>Sojaöl, hydriert</li><li>Speisefettsäuren</li><li>Stärke</li><li>Saccharose</li><li>Citronensäure</li><li>Macrogol</li><li>Poly(vinylalkohol)</li><li>Calciumcarbonat</li><li>Talkum</li></ul>","descriptionShort":"Mit Folat, Vitamin D, Cholin, Jod und weiteren Vitaminen & Mineralstoffen","keywords":["schwangerschaft","schwangerschaftsvitamine","femibion"],"unit":"St","unitQuantityString":"56","masterID":"15199964","indicationRanges":["Vitamine","Multivitamine","Kombinationen mit Mineralstoffen"],"ratingCount":85,"averageRating":4.76,"attributes":["Lebensmittel","Nahrungsergänzungsmittel","ABO"],"prescriptionMedicine":false,"price":3450,"listPrice":4121,"netRetailPrice":3286,"priceFormatted":"€ 34,50","listPriceFormatted":"€ 41,21","potency":"","ifap":"","image":"https://cdn.shop-apotheke.com/images/femibion-1-fruehschwangerschaft-tabletten-D15199970-p1.jpg","hasImage":true,"deeplink":"baby/15199970/femibion-1-fruehschwangerschaft.htm","applicablePromotions":"","variantDetails":"15199964|15199970|16|56 St|3450|baby/15199970/femibion-1-fruehschwangerschaft.htm|product.stockStatus.available","stockStatus":"","stockStatusReason":"product.stockStatus.available","inStock":true,"pricePerUnit":"","discountInPercent":16,"created":1570000575000,"lastChanged":1598572771000,"ratingsLink":"/produktbewertungen/15199970/femibion-1-fruehschwangerschaft.htm","ean":"4054839695872","RPMultiplier":1,"ribbonText":"","primaryCategory":["Die Online-Apotheke für Deutschland","Die Online-Apotheke für Deutschland/Baby & Familie","Die Online-Apotheke für Deutschland/Baby & Familie/Schwangerschaft & Stillzeit","Die Online-Apotheke für Deutschland/Baby & Familie/Schwangerschaft & Stillzeit/Nahrungsergänzungsmittel"],"topsellerCountBucket":11,"filterAttributes":["Lebensmittel","Nahrungsergänzungsmittel","ABO"],"filterRating":0.24,"packSize":"56 St","variants":[{"id":"15199964","text":"Mit Folat Vitamin D, Cholin, Jod und weiteren Vitaminen & Mineralstoffen","webDetailPath":"baby/15199964/femibion-1-fruehschwangerschaft.htm","stock":"product.stockStatus.available","active":true,"discount":"22","retailPrice":"2025","listPrice":"2599","packSize":"28 St","nowProductGroup":"sameday_nextday","attributes":["Lebensmittel","Nahrungsergänzungsmittel","ABO"],"productName":"Femibion® 1 Frühschwangerschaft","pricePerUnit":"","imageUrl":"https://cdn.shop-apotheke.com/images/femibion-1-fruehschwangerschaft-tabletten-D15199964-p1.jpg","pharmaForm":"Tabletten","ribbonText":"","RPMultiplier":"1"},{"id":"15199970","text":"Mit Folat, Vitamin D, Cholin, Jod und weiteren Vitaminen & Mineralstoffen","webDetailPath":"baby/15199970/femibion-1-fruehschwangerschaft.htm","stock":"product.stockStatus.available","active":false,"discount":"16","retailPrice":"3450","listPrice":"4121","packSize":"56 St","nowProductGroup":"sameday_nextday","attributes":["Lebensmittel","Nahrungsergänzungsmittel","ABO"],"productName":"Femibion® 1 Frühschwangerschaft","pricePerUnit":"","imageUrl":"https://cdn.shop-apotheke.com/images/femibion-1-fruehschwangerschaft-tabletten-D15199970-p1.jpg","pharmaForm":"Tabletten","ribbonText":"","RPMultiplier":"1"},{"id":"08102336","text":"Bis zum Ende der 12. Schwangerschaftswoche","webDetailPath":"baby/8102336/femibion-1-fruehschwangerschaft-erstes-schwangerschaftsdrittel-set.htm","stock":"product.stockStatus.available","active":false,"discount":"24","retailPrice":"5102","listPrice":"6720","packSize":"84 St","nowProductGroup":"sameday_nextday","attributes":["Lebensmittel","Nahrungsergänzungsmittel","ABO"],"productName":"Femibion® 1 Frühschwangerschaft erstes Schwangerschaftsdrittel-Set","pricePerUnit":"","imageUrl":"https://cdn.shop-apotheke.com/images/femibion-1-fruehschwangerschaft-erstes-schwangerschaftsdrittel-set-tagesportionen-D08102336-p1.jpg","pharmaForm":"Tagesportionen","ribbonText":"","RPMultiplier":"1"}],"master":false,"marketplace":false,"nowProductGroup":"sameday_nextday","notOnStockMessage":"","stockStatusColor":"green","categoryCodes":["csd00362","csd00391","csd00344","csd02320","csd01439","csd00001","csd01434","csd01450","csd02352","csd02369","csd02764","csd01447","csd02765","csd01435","csd02959","csd03055","root","catalogs","main","brandshop","csd03491","csd02271","csd03671","landingpages","csd03692","csd03697"],"prices":{"listPrice":{"amount":41.21,"net":39.25,"currency":"EUR","info":{"index":1,"text":"AVP / UVP"}},"retailPrice":{"amount":34.5,"net":32.86,"currency":"EUR","info":{"index":1,"text":"AVP / UVP"}}},"calculatedRatingRanking":3.92,"objectID":"15199970","_highlightResult":{"activeSubstances":[{"value":"Folsäure","matchLevel":"none","matchedWords":[]},{"value":"Calcium-L-methyltetrahydrofolat","matchLevel":"none","matchedWords":[]},{"value":"Kaliumiodid","matchLevel":"none","matchedWords":[]},{"value":"Natriumselenat","matchLevel":"none","matchedWords":[]},{"value":"Nicotinamid","matchLevel":"none","matchedWords":[]},{"value":"Biotin","matchLevel":"none","matchedWords":[]},{"value":"Cyanocobalamin","matchLevel":"none","matchedWords":[]},{"value":"Eisen(II)-bisglycinat","matchLevel":"none","matchedWords":[]},{"value":"Calcium <ais-highlight-0000000000>a</ais-highlight-0000000000>scorbat","matchLevel":"full","fullyHighlighted":false,"matchedWords":["a"]},{"value":"Colecalciferol","matchLevel":"none","matchedWords":[]},{"value":"Riboflavin","matchLevel":"none","matchedWords":[]},{"value":"Cholin hydrogentartrat","matchLevel":"none","matchedWords":[]},{"value":"Calcium pantothenat","matchLevel":"none","matchedWords":[]},{"value":"Pyridoxin hydrochlorid","matchLevel":"none","matchedWords":[]},{"value":"DL-α-Tocopherol <ais-highlight-0000000000>a</ais-highlight-0000000000>cetat","matchLevel":"full","fullyHighlighted":false,"matchedWords":["a"]},{"value":"Thiamin nitrat","matchLevel":"none","matchedWords":[]}]},"_rankingInfo":{"nbTypos":0,"firstMatchedWord":0,"proximityDistance":0,"userScore":215,"geoDistance":0,"geoPrecision":1,"nbExactWords":0,"words":1,"filters":1,"personalization":{"score":0,"rankingScore":0,"filtersScore":0,"textualRelevanceBucket":1,"initialPosition":185,"newPosition":185}}},{"brandCode":"csd02978","pzn":"12894959","productName":"FEMANNOSE® N D-Mannose","secondaryCategories":["Black Friday®","30% und mehr","Blase & Niere","Blasengesundheit & -stärkung","Landingpages","Abo Produkte","Landingpages","SHOP APOTHEKE NOW!","Geschenke für Sie & Ihn","Geschenke für Sie","Specials","Muttertags-Special","Valentinstag-Special","Valentinstagsgeschenke für Frauen","Oster-Special","Geschenke für Sie","Redirects","Geschenke für die Dame","Muttertags-Special","Muttertags-Geschenke","Healthy Deals","Healthy Deals Reiseapotheke","Healthy Deals","Healthy Deals Aktionsprodukte","Landingpages","Healthy Deals App-Angebote","Healthy Deals","Healthy Deals RedPoints","Healthy Deals","RedPoints-Aktion"],"manufacturer":"MCM KLOSTERFRAU Vertr. GmbH","pharmaForm":"Granulat","brand":"FEMANNOSE N","brandIntern":"FEMANNOSE®","subBrandIntern":"","activeSubstances":["D-Mannose"],"additiveSubstances":["Aromastoffe, natürlich, naturidentisch","Sucralose","Siliciumdioxid","Rote Bete","Citronensäure","Fructose"],"additiveSubstancesHtml":"<ul><li>Aromastoffe, natürlich, naturidentisch</li><li>Sucralose</li><li>Siliciumdioxid</li><li>Rote Bete</li><li>Citronensäure</li><li>Fructose</li></ul>","descriptionShort":"Zur Behandlung und Vorbeugung von Blasenentzündungen und Infektionen der Harnwege","keywords":["mannose"],"unit":"g","unitQuantityString":"30X2","masterID":"12828537","indicationRanges":["Urologika","Harnwegsinfektionen (ausschließlich)","Sonstige"],"ratingCount":154,"averageRating":4.76,"attributes":["vegan","ABO"],"prescriptionMedicine":false,"price":2839,"listPrice":3817,"netRetailPrice":2704,"priceFormatted":"€ 28,39","listPriceFormatted":"€ 38,17","potency":"","ifap":"","image":"https://cdn.shop-apotheke.com/images/femannose-n-d-mannose-granulat-D12894959-p1.jpg","hasImage":true,"deeplink":"arzneimittel/12894959/femannose-n-d-mannose.htm","applicablePromotions":"","variantDetails":"12828537|12894959|26|30X2 g|2839|arzneimittel/12894959/femannose-n-d-mannose.htm|product.stockStatus.available","stockStatus":"","stockStatusReason":"product.stockStatus.available","inStock":true,"pricePerUnit":"47,32 € / 100 g","discountInPercent":26,"created":1508225712000,"lastChanged":1598572384000,"ratingsLink":"/produktbewertungen/12894959/femannose-n-d-mannose.htm","ean":"7611136102730","RPMultiplier":1,"ribbonText":"","primaryCategory":["Die Online-Apotheke für Deutschland","Die Online-Apotheke für Deutschland/Arzneimittel & weitere Produkte ","Die Online-Apotheke für Deutschland/Arzneimittel & weitere Produkte /Blase & Niere","Die Online-Apotheke für Deutschland/Arzneimittel & weitere Produkte /Blase & Niere/Harnwegserkrankungen"],"topsellerCountBucket":11,"filterAttributes":["vegan","ABO"],"filterRating":0.24,"packSize":"30X2 g","variants":[{"id":"12828537","text":"Zur Behandlung und Vorbeugung von Blasenentzündungen und Infektionen der Harnwege","webDetailPath":"arzneimittel/12828537/femannose-n-d-mannose.htm","stock":"product.stockStatus.available","active":true,"discount":"26","retailPrice":"1595","listPrice":"2149","packSize":"14X2 g","nowProductGroup":"sameday_nextday","attributes":["vegetarisch","vegan"],"productName":"FEMANNOSE® N D-Mannose","pricePerUnit":"56,96 € / 100 g","imageUrl":"https://cdn.shop-apotheke.com/images/femannose-n-d-mannose-granulat-D12828537-p1.jpg","pharmaForm":"Granulat","ribbonText":"","RPMultiplier":"1"},{"id":"12894959","text":"Zur Behandlung und Vorbeugung von Blasenentzündungen und Infektionen der Harnwege","webDetailPath":"arzneimittel/12894959/femannose-n-d-mannose.htm","stock":"product.stockStatus.available","active":false,"discount":"26","retailPrice":"2839","listPrice":"3817","packSize":"30X2 g","nowProductGroup":"sameday_nextday","attributes":["vegan","ABO"],"productName":"FEMANNOSE® N D-Mannose","pricePerUnit":"47,32 € / 100 g","imageUrl":"https://cdn.shop-apotheke.com/images/femannose-n-d-mannose-granulat-D12894959-p1.jpg","pharmaForm":"Granulat","ribbonText":"","RPMultiplier":"1"},{"id":"08101199","text":"Zur Behandlung und Vorbeugung von Blasenentzündungen und Infektionen der Harnwege","webDetailPath":"arzneimittel/8101199/femannose-n-d-mannose-doppelpack.htm","stock":"product.stockStatus.available","active":false,"discount":"31","retailPrice":"5305","listPrice":"7634","packSize":"2X30X2 g","nowProductGroup":"sameday_nextday","attributes":["vegan","ABO"],"productName":"FEMANNOSE® N D-Mannose Doppelpack","pricePerUnit":"44,21 € / 100 g","imageUrl":"https://cdn.shop-apotheke.com/images/femannose-n-d-mannose-doppelpack-granulat-D08101199-p1.jpg","pharmaForm":"Granulat","ribbonText":"","RPMultiplier":"1"}],"master":false,"marketplace":true,"nowProductGroup":"sameday_nextday","notOnStockMessage":"","stockStatusColor":"green","categoryCodes":["csd00001","csd00038","csd00046","csd00040","csd02320","csd01439","csd01434","csd01450","csd02352","csd02369","csd02764","csd01447","csd02765","csd02271","csd02859","csd01435","csd02959","csd03055","csd02968","csd03288","root","catalogs","main","landingpages","csd03339","csd03461","csd03569","csd03572","csd03635","csd03692"],"prices":{"listPrice":{"amount":38.17,"net":36.35,"currency":"EUR","info":{"index":1,"text":"AVP / UVP"}},"retailPrice":{"amount":28.39,"net":27.04,"currency":"EUR","info":{"index":1,"text":"AVP / UVP"}}},"calculatedRatingRanking":4.21,"objectID":"12894959","_highlightResult":{"activeSubstances":[{"value":"D-Mannose","matchLevel":"none","matchedWords":[]}]},"_rankingInfo":{"nbTypos":0,"firstMatchedWord":0,"proximityDistance":0,"userScore":214,"geoDistance":0,"geoPrecision":1,"nbExactWords":0,"words":1,"filters":1,"personalization":{"score":0,"rankingScore":0,"filtersScore":0,"textualRelevanceBucket":1,"initialPosition":186,"newPosition":186}}},{"brandCode":"csd2967","pzn":"08998392","productName":"Pantoprazol-ADGC® 20 mg magensaftresistente Tabletten","secondaryCategories":["Landingpages","NOW! Reiseapotheke","Landingpages","100 Topseller","Landingpages","SHOP APOTHEKE NOW!"],"manufacturer":"KSK-Pharma Vertriebs AG","pharmaForm":"Tabletten magensaftresistent","brand":"Pantoprazol","brandIntern":"KSK-Pharma","subBrandIntern":"Pantoprazol-ADGC®","activeSubstances":["Pantoprazol natrium-1,5-Wasser"],"additiveSubstances":["Croscarmellose natrium","Hypromellose","Eisen(III)-oxidhydrat, gelb","Triethylcitrat","Methacrylsäure-Ethylacrylat Copolymer (1:1)","Cellulose, mikrokristalline","Carboxymethylstärke, Natrium","Magnesium stearat (pflanzlich)","Mannitol","Dinatriumhydrogenphosphat"],"additiveSubstancesHtml":"<ul><li>Croscarmellose natrium</li><li>Hypromellose</li><li>Eisen(III)-oxidhydrat, gelb</li><li>Triethylcitrat</li><li>Methacrylsäure-Ethylacrylat Copolymer (1:1)</li><li>Cellulose, mikrokristalline</li><li>Carboxymethylstärke, Natrium</li><li>Magnesium stearat (pflanzlich)</li><li>Mannitol</li><li>Dinatriumhydrogenphosphat</li></ul>","descriptionShort":"Bei Sodbrennen und saurem Aufstoßen","keywords":["sodbrennen","magensäure"],"unit":"St","unitQuantityString":"14","masterID":"08998386","indicationRanges":["Magen-Darm-wirksame Pharmaka","Gastritis-/ Ulcustherapeutika","Protonenpumpenhemmer"],"ratingCount":66,"averageRating":4.76,"attributes":["apothekenpflichtig","Arzneimittel"],"prescriptionMedicine":false,"price":428,"listPrice":428,"netRetailPrice":369,"priceFormatted":"€ 4,28","listPriceFormatted":"€ 4,28","potency":"","ifap":"Das Arzneimittel enthält den Wirkstoff Pantoprazol, der eine Art Pumpe, welche die Magensäure herstellt, blockiert. Das hat zur Folge, dass die Säuremenge im Magen reduziert wird. Es wird angewendet zur kurzzeitigen Behandlung von Refluxsymptomen (z. B. Sodbrennen, saures Aufstoßen) bei Erwachsenen. Reflux ist der Rückfluss von Magensäure in die Speiseröhre, die sich schmerzhaft entzünden kann. Dies kann Symptome verursachen wie ein schmerzhaftes zur Kehle aufsteigendes Brennen im Brustbereich (Sodbrennen) sowie einen sauren Geschmack im Mund (Säurerückfluss). Bereits nach einem Behandlungstag mit dem Arzneimittel können Ihre Symptome von Rückfluss und Sodbrennen gelindert werden, dieses Arzneimittel muss aber keine sofortige Erleichterung bringen. Zur Linderung der Symptome kann es nötig sein, die Tabletten an 2 - 3 aufeinander folgenden Tageneinzunehmen. Wenn Sie sich nach 2 Wochen nicht besser oder gar schlechter fühlen, wenden Sie sich an Ihren Arzt.","image":"https://cdn.shop-apotheke.com/images/pantoprazol-adgc-20-mg-magensaftresistente-tabletten-tabletten-magensaftresistent-D08998392-p1.jpg","hasImage":true,"deeplink":"arzneimittel/8998392/pantoprazol-adgc-20-mg-magensaftresistente-tabletten.htm","applicablePromotions":"","variantDetails":"08998386|08998392|0|14 St|428|arzneimittel/8998392/pantoprazol-adgc-20-mg-magensaftresistente-tabletten.htm|product.stockStatus.available","stockStatus":"","stockStatusReason":"product.stockStatus.available","inStock":true,"pricePerUnit":"","discountInPercent":0,"created":1445163603000,"lastChanged":1598571257000,"ratingsLink":"/produktbewertungen/8998392/pantoprazol-adgc-20-mg-magensaftresistente-tabletten.htm","ean":"","RPMultiplier":1,"ribbonText":"","primaryCategory":["Die Online-Apotheke für Deutschland","Die Online-Apotheke für Deutschland/Arzneimittel & weitere Produkte ","Die Online-Apotheke für Deutschland/Arzneimittel & weitere Produkte /Magen & Darm","Die Online-Apotheke für Deutschland/Arzneimittel & weitere Produkte /Magen & Darm/Sodbrennen"],"topsellerCountBucket":11,"filterAttributes":[],"filterRating":0.24,"packSize":"14 St","variants":[{"id":"08998386","text":"Bei Sodbrennen und saurem Aufstoßen","webDetailPath":"arzneimittel/8998386/pantoprazol-adgc-20-mg-magensaftresistente-tabletten.htm","stock":"product.stockStatus.available","active":true,"discount":"21","retailPrice":"201","listPrice":"255","packSize":"7 St","nowProductGroup":"sameday_nextday","attributes":["apothekenpflichtig","Arzneimittel"],"productName":"Pantoprazol-ADGC® 20 mg magensaftresistente Tabletten","pricePerUnit":"","imageUrl":"https://cdn.shop-apotheke.com/images/pantoprazol-adgc-20-mg-magensaftresistente-tabletten-tabletten-magensaftresistent-D08998386-p1.jpg","pharmaForm":"Tabletten magensaftresistent","ribbonText":"","RPMultiplier":"1"},{"id":"08998392","text":"Bei Sodbrennen und saurem Aufstoßen","webDetailPath":"arzneimittel/8998392/pantoprazol-adgc-20-mg-magensaftresistente-tabletten.htm","stock":"product.stockStatus.available","active":false,"discount":"0","retailPrice":"428","listPrice":"428","packSize":"14 St","nowProductGroup":"sameday_nextday","attributes":["apothekenpflichtig","Arzneimittel"],"productName":"Pantoprazol-ADGC® 20 mg magensaftresistente Tabletten","pricePerUnit":"","imageUrl":"https://cdn.shop-apotheke.com/images/pantoprazol-adgc-20-mg-magensaftresistente-tabletten-tabletten-magensaftresistent-D08998392-p1.jpg","pharmaForm":"Tabletten magensaftresistent","ribbonText":"","RPMultiplier":"1"}],"master":false,"marketplace":true,"nowProductGroup":"sameday_nextday","notOnStockMessage":"","stockStatusColor":"green","categoryCodes":["csd00001","csd00219","csd00229","root","catalogs","main","landingpages","csd03339","csd03344","csd03476"],"prices":{"listPrice":{"amount":4.28,"net":3.69,"currency":"EUR","info":{"index":1,"text":"AVP / UVP"}},"retailPrice":{"amount":4.28,"net":3.69,"currency":"EUR","info":{"index":1,"text":"AVP / UVP"}}},"calculatedRatingRanking":3.79,"objectID":"08998392","_highlightResult":{"activeSubstances":[{"value":"Pantoprazol natrium-1,5-Wasser","matchLevel":"none","matchedWords":[]}]},"_rankingInfo":{"nbTypos":0,"firstMatchedWord":0,"proximityDistance":0,"userScore":213,"geoDistance":0,"geoPrecision":1,"nbExactWords":0,"words":1,"filters":1,"personalization":{"score":0,"rankingScore":0,"filtersScore":0,"textualRelevanceBucket":1,"initialPosition":187,"newPosition":187}}},{"brandCode":"csd03733","pzn":"08700984","productName":"Panthenol-ratiopharm® Wundbalsam","secondaryCategories":["Haut","Wundbehandlung","Ratgeber","Reiseapotheke","Black Friday®","40% und mehr","Landingpages","Weltgesundheitstag: Hausapotheke","Landingpages","SHOP APOTHEKE NOW!"],"manufacturer":"ratiopharm GmbH","pharmaForm":"Creme","brand":"ratiopharm Panthenol","brandIntern":"ratiopharm","subBrandIntern":"Panthenol-ratiopharm®","activeSubstances":["Dexpanthenol"],"additiveSubstances":["Polyglyceryl-3 ricinoleat","Triglyceride, mittelkettige","Wasser, gereinigtes","Vaselin, weißes","Wollwachs","Wollwachsalkoholsalbe","Natriumcitrat-2-Wasser","Citronensäure monohydrat","Kalium sorbat"],"additiveSubstancesHtml":"<ul><li>Polyglyceryl-3 ricinoleat</li><li>Triglyceride, mittelkettige</li><li>Wasser, gereinigtes</li><li>Vaselin, weißes</li><li>Wollwachs</li><li>Wollwachsalkoholsalbe</li><li>Natriumcitrat-2-Wasser</li><li>Citronensäure monohydrat</li><li>Kalium sorbat</li></ul>","descriptionShort":"Bei oberflächlichen Haut- und Schleimhautwunden","keywords":["wunde"],"unit":"g","unitQuantityString":"100","masterID":"08700978","indicationRanges":["Dermatotherapeutika","Therapie von infizierten und nicht infizierten Hautläsionen","Förderung der Wundheilung"],"ratingCount":74,"averageRating":4.76,"attributes":["apothekenpflichtig","Arzneimittel"],"prescriptionMedicine":false,"price":534,"listPrice":972,"netRetailPrice":460,"priceFormatted":"€ 5,34","listPriceFormatted":"€ 9,72","potency":"","ifap":"Dieses Präparat ist ein Mittel zur Unterstützung der Wundheilung.  Es wird angewendet zurUnterstützung der Heilung bei oberflächlichen leichten Hautschädigungen.","image":"https://cdn.shop-apotheke.com/images/panthenol-ratiopharm-wundbalsam-creme-D08700984-p1.jpg","hasImage":true,"deeplink":"arzneimittel/8700984/panthenol-ratiopharm-wundbalsam.htm","applicablePromotions":"","variantDetails":"08700978|08700984|45|100 g|534|arzneimittel/8700984/panthenol-ratiopharm-wundbalsam.htm|product.stockStatus.available","stockStatus":"","stockStatusReason":"product.stockStatus.available","inStock":true,"pricePerUnit":"5,34 € / 100 g","discountInPercent":45,"created":1445174402000,"lastChanged":1598571140000,"ratingsLink":"/produktbewertungen/8700984/panthenol-ratiopharm-wundbalsam.htm","ean":"","RPMultiplier":1,"ribbonText":"","primaryCategory":["Die Online-Apotheke für Deutschland","Die Online-Apotheke für Deutschland/Arzneimittel & weitere Produkte ","Die Online-Apotheke für Deutschland/Arzneimittel & weitere Produkte /Haus- & Reiseapotheke","Die Online-Apotheke für Deutschland/Arzneimittel & weitere Produkte /Haus- & Reiseapotheke/Hausapotheke","Die Online-Apotheke für Deutschland/Arzneimittel & weitere Produkte /Haus- & Reiseapotheke/Hausapotheke/Wundheilung"],"topsellerCountBucket":11,"filterAttributes":[],"filterRating":0.24,"packSize":"100 g","variants":[{"id":"08700978","text":"Bei oberflächlichen Haut- und Schleimhautwunden","webDetailPath":"arzneimittel/8700978/panthenol-ratiopharm-wundbalsam.htm","stock":"product.stockStatus.available","active":true,"discount":"40","retailPrice":"257","listPrice":"428","packSize":"35 g","nowProductGroup":"sameday_nextday","attributes":["apothekenpflichtig","Arzneimittel"],"productName":"Panthenol-ratiopharm® Wundbalsam","pricePerUnit":"7,34 € / 100 g","imageUrl":"https://cdn.shop-apotheke.com/images/panthenol-ratiopharm-wundbalsam-creme-D08700978-p1.jpg","pharmaForm":"Creme","ribbonText":"","RPMultiplier":"1"},{"id":"08700984","text":"Bei oberflächlichen Haut- und Schleimhautwunden","webDetailPath":"arzneimittel/8700984/panthenol-ratiopharm-wundbalsam.htm","stock":"product.stockStatus.available","active":false,"discount":"45","retailPrice":"534","listPrice":"972","packSize":"100 g","nowProductGroup":"none","attributes":["apothekenpflichtig","Arzneimittel"],"productName":"Panthenol-ratiopharm® Wundbalsam","pricePerUnit":"5,34 € / 100 g","imageUrl":"https://cdn.shop-apotheke.com/images/panthenol-ratiopharm-wundbalsam-creme-D08700984-p1.jpg","pharmaForm":"Creme","ribbonText":"","RPMultiplier":"1"}],"master":false,"marketplace":true,"nowProductGroup":"none","notOnStockMessage":"","stockStatusColor":"green","categoryCodes":["csd00001","csd00077","csd02753","csd00141","root","catalogs","main","themeshop","csd01396","csd01434","csd02271","csd02272","landingpages","csd03339","csd03939","brandshop","csd2123","csd2128","csd2132"],"prices":{"listPrice":{"amount":9.72,"net":8.38,"currency":"EUR","info":{"index":1,"text":"AVP / UVP"}},"retailPrice":{"amount":5.34,"net":4.6,"currency":"EUR","info":{"index":1,"text":"AVP / UVP"}}},"calculatedRatingRanking":3.85,"objectID":"08700984","_highlightResult":{"activeSubstances":[{"value":"Dexpanthenol","matchLevel":"none","matchedWords":[]}]},"_rankingInfo":{"nbTypos":0,"firstMatchedWord":0,"proximityDistance":0,"userScore":212,"geoDistance":0,"geoPrecision":1,"nbExactWords":0,"words":1,"filters":1,"personalization":{"score":0,"rankingScore":0,"filtersScore":0,"textualRelevanceBucket":1,"initialPosition":188,"newPosition":188}}},{"brandCode":"csd2411","pzn":"01132407","productName":"FAKTU® lind Salbe mit Hamamelis","secondaryCategories":["Magen & Darm","Hämorrhoiden","Ratgeber","Hämmorrhoiden","Landingpages","Faktu lind Dr.Kade","Landingpages","FAKTU® lind & Posterisan®","Landingpages","Beigaben Aktionen","Black Friday®","40% und mehr","Black Friday®","Wohl durch den Winter","UNSERE ADVENTS-ÜBERASCHUNG EXKLUSIV FÜR UNSERE BESTEN KUNDEN.","Advent 2","Landingpages","SHOP APOTHEKE NOW!"],"manufacturer":"DR. KADE Pharmazeutische Fabrik GmbH","pharmaForm":"Salbe","brand":"FAKTU lind","brandIntern":"FAKTU®","subBrandIntern":"lind","activeSubstances":["Hamamelis-Blätter-, -Zweige-Frischdestillat (1:1,12-2,08); Destillationsmittel: Ethanol 6% (m/m)"],"additiveSubstances":["Dinatrium edetat-2-Wasser","Paraffin, dickflüssiges","Cetylstearylalkohol","Citronensäure-Glycerolmonooleat-Glycerolmonostearat-L-(+)-6-O-Palmitoylascorbinsäure-all-rac-α-Tocopherol-Lecithin (2,5:7,5:20:2","Kohlenwasserstoffe, mikrokristallin (C40-C60)","Glycerol(mono/di/tri)[adipat, alkanoat(C6-C20)isostearat]","Wasser, gereinigtes","Vaselin, weißes","Wollwachs","Wollwachs","Propylenglycol"],"additiveSubstancesHtml":"<ul><li>Dinatrium edetat-2-Wasser</li><li>Paraffin, dickflüssiges</li><li>Cetylstearylalkohol</li><li>Citronensäure-Glycerolmonooleat-Glycerolmonostearat-L-(+)-6-O-Palmitoylascorbinsäure-all-rac-α-Tocopherol-Lecithin (2,5:7,5:20:2</li><li>Kohlenwasserstoffe, mikrokristallin (C40-C60)</li><li>Glycerol(mono/di/tri)[adipat, alkanoat(C6-C20)isostearat]</li><li>Wasser, gereinigtes</li><li>Vaselin, weißes</li><li>Wollwachs</li><li>Wollwachs</li><li>Propylenglycol</li></ul>","descriptionShort":"Mit Hamamelis zur äußerlichen Anwendung bei Hämorrhoidalleiden","keywords":["Hämorrhoiden","Hämorriden"],"unit":"g","unitQuantityString":"25","masterID":"01132407","indicationRanges":["Venen- und Hämorrhoidenmittel","Phytopharmaka","Hämorrhoidenmittel, lokale"],"ratingCount":66,"averageRating":4.76,"attributes":["apothekenpflichtig","pflanzlich","Arzneimittel"],"prescriptionMedicine":false,"price":835,"listPrice":1167,"netRetailPrice":720,"priceFormatted":"€ 8,35","listPriceFormatted":"€ 11,67","potency":"","ifap":"","image":"https://cdn.shop-apotheke.com/images/faktu-lind-salbe-mit-hamamelis-salbe-D01132407-p1.jpg","hasImage":true,"deeplink":"arzneimittel/1132407/faktu-lind-salbe-mit-hamamelis.htm","applicablePromotions":"","variantDetails":"01132407|01132407|28|25 g|835|arzneimittel/1132407/faktu-lind-salbe-mit-hamamelis.htm|product.stockStatus.available","stockStatus":"","stockStatusReason":"product.stockStatus.available","inStock":true,"pricePerUnit":"33,40 € / 100 g","discountInPercent":28,"created":1445173530000,"lastChanged":1598568677000,"ratingsLink":"/produktbewertungen/1132407/faktu-lind-salbe-mit-hamamelis.htm","ean":"","RPMultiplier":1,"ribbonText":"","primaryCategory":["Die Online-Apotheke für Deutschland","Die Online-Apotheke für Deutschland/Homöopathie & Naturprodukte","Die Online-Apotheke für Deutschland/Homöopathie & Naturprodukte/Anwendungsgebiete","Die Online-Apotheke für Deutschland/Homöopathie & Naturprodukte/Anwendungsgebiete/Pflanzlich","Die Online-Apotheke für Deutschland/Homöopathie & Naturprodukte/Anwendungsgebiete/Pflanzlich/Hämorrhoiden"],"topsellerCountBucket":11,"filterAttributes":["pflanzlich"],"filterRating":0.24,"packSize":"25 g","variants":[{"id":"01132407","text":"Mit Hamamelis zur äußerlichen Anwendung bei Hämorrhoidalleiden","webDetailPath":"arzneimittel/1132407/faktu-lind-salbe-mit-hamamelis.htm","stock":"product.stockStatus.available","active":true,"discount":"28","retailPrice":"835","listPrice":"1167","packSize":"25 g","nowProductGroup":"sameday_nextday","attributes":["apothekenpflichtig","pflanzlich","Arzneimittel"],"productName":"FAKTU® lind Salbe mit Hamamelis","pricePerUnit":"33,40 € / 100 g","imageUrl":"https://cdn.shop-apotheke.com/images/faktu-lind-salbe-mit-hamamelis-salbe-D01132407-p1.jpg","pharmaForm":"Salbe","ribbonText":"","RPMultiplier":"1"}],"master":true,"marketplace":true,"nowProductGroup":"sameday_nextday","notOnStockMessage":"","stockStatusColor":"green","categoryCodes":["csd00850","csd00851","csd00884","csd00894","csd00001","csd00219","csd00223","root","catalogs","main","themeshop","csd01152","csd01434","csd02271","csd02272","landingpages","csd02466","csd02552","csd03146","csd03339","csd03646","csd03643","csd03668"],"prices":{"listPrice":{"amount":11.67,"net":10.06,"currency":"EUR","info":{"index":1,"text":"AVP / UVP"}},"retailPrice":{"amount":8.35,"net":7.2,"currency":"EUR","info":{"index":1,"text":"AVP / UVP"}}},"calculatedRatingRanking":3.79,"objectID":"01132407","_highlightResult":{"activeSubstances":[{"value":"Hamamelis-Blätter-, -Zweige-Frischdestillat (1:1,12-2,08); Destillationsmittel: Ethanol 6% (m/m)","matchLevel":"none","matchedWords":[]}]},"_rankingInfo":{"nbTypos":0,"firstMatchedWord":0,"proximityDistance":0,"userScore":211,"geoDistance":0,"geoPrecision":1,"nbExactWords":0,"words":1,"filters":1,"personalization":{"score":0,"rankingScore":0,"filtersScore":0,"textualRelevanceBucket":1,"initialPosition":189,"newPosition":189}}},{"brandCode":"csd02865","pzn":"12521566","productName":"NasenDuo Nasenspray Kinder","secondaryCategories":["Erkältung & Grippe","Schnupfen","Baby- & Kindergesundheit","Erkältung, Schmerzen & Fieber","Landingpages","Flash Deal Erkaeltung","Black Friday®","Erkältungs-Produkte","Landingpages","SHOP APOTHEKE NOW!"],"manufacturer":"ratiopharm GmbH","pharmaForm":"Nasenspray","brand":"NasenDuo","brandIntern":"ratiopharm","subBrandIntern":"NasenDuo","activeSubstances":["Dexpanthenol","Xylometazolin hydrochlorid"],"additiveSubstances":["Wasser für Injektionszwecke","Kaliumdihydrogenphosphat","Dinatriumhydrogenphosphat"],"additiveSubstancesHtml":"<ul><li>Wasser für Injektionszwecke</li><li>Kaliumdihydrogenphosphat</li><li>Dinatriumhydrogenphosphat</li></ul>","descriptionShort":"Zur Abschwellung der Nasenschleimhaut bei Schnupfen","keywords":[],"unit":"ml","unitQuantityString":"10","masterID":"12521566","indicationRanges":["Atemwegskrankheiten und grippale Infekte","Rhinologika, lokale Anwendung","Schnupfenmittel, Sympathomimetika-haltig"],"ratingCount":16,"averageRating":4.75,"attributes":["apothekenpflichtig","Arzneimittel"],"prescriptionMedicine":false,"price":286,"listPrice":534,"netRetailPrice":247,"priceFormatted":"€ 2,86","listPriceFormatted":"€ 5,34","potency":"","ifap":"Das Nasenspray enthält die Wirkstoffe Xylometazolinhydrochlorid und Dexpanthenol. Xylometazolin verengt die Gefäße und bewirkt dadurch eine Abschwellung der Nasenschleimhaut. Der zusätzlich enthaltene Wirkstoff Dexpanthenol ist ein Abkömmling des Vitamins Pantothensäure, das die Wundheilung fördert und die Schleimhäute schützt. Zur Abschwellung der Nasenschleimhaut bei Schnupfen und zur unterstützenden Behandlung der Heilung von Haut- und Schleimhautschäden (Läsionen), anfallsweise auftretendem Fließschnupfen (Rhinitis vasomotorica) und zur Behandlung der Nasenatmungsbehinderung nach operativen Eingriffen an der Nase. Zur Anwendung bei Kindern zwischen 2 und 6 Jahren. Wenn Sie sich nach 7 Tagen nicht besser oder gar schlechter fühlen, wenden Sie sich an Ihren Arzt.","image":"https://cdn.shop-apotheke.com/images/nasenduo-nasenspray-kinder-nasenspray-D12521566-p1.jpg","hasImage":true,"deeplink":"baby/12521566/nasenduo-nasenspray-kinder.htm","applicablePromotions":"","variantDetails":"12521566|12521566|46|10 ml|286|baby/12521566/nasenduo-nasenspray-kinder.htm|product.stockStatus.available","stockStatus":"","stockStatusReason":"product.stockStatus.available","inStock":true,"pricePerUnit":"28,60 € / 100 ml","discountInPercent":46,"created":1505896513000,"lastChanged":1598572304000,"ratingsLink":"/produktbewertungen/12521566/nasenduo-nasenspray-kinder.htm","ean":"","RPMultiplier":1,"ribbonText":"","primaryCategory":["Die Online-Apotheke für Deutschland","Die Online-Apotheke für Deutschland/Arzneimittel & weitere Produkte ","Die Online-Apotheke für Deutschland/Arzneimittel & weitere Produkte /Auge, Nase & Ohr","Die Online-Apotheke für Deutschland/Arzneimittel & weitere Produkte /Auge, Nase & Ohr/Nase","Die Online-Apotheke für Deutschland/Arzneimittel & weitere Produkte /Auge, Nase & Ohr/Nase/Schnupfen"],"topsellerCountBucket":11,"filterAttributes":[],"filterRating":0.25,"packSize":"10 ml","variants":[{"id":"12521566","text":"Zur Abschwellung der Nasenschleimhaut bei Schnupfen","webDetailPath":"baby/12521566/nasenduo-nasenspray-kinder.htm","stock":"product.stockStatus.available","active":true,"discount":"46","retailPrice":"286","listPrice":"534","packSize":"10 ml","nowProductGroup":"sameday_nextday","attributes":["apothekenpflichtig","Arzneimittel"],"productName":"NasenDuo Nasenspray Kinder","pricePerUnit":"28,60 € / 100 ml","imageUrl":"https://cdn.shop-apotheke.com/images/nasenduo-nasenspray-kinder-nasenspray-D12521566-p1.jpg","pharmaForm":"Nasenspray","ribbonText":"","RPMultiplier":"1"}],"master":true,"marketplace":true,"nowProductGroup":"sameday_nextday","notOnStockMessage":"","stockStatusColor":"green","categoryCodes":["csd00001","csd00020","csd00028","csd00033","csd00362","csd02667","csd00372","csd00374","csd00061","csd01060","csd01434","csd02271","csd02862","root","catalogs","main","landingpages","csd03339","csd03524"],"prices":{"listPrice":{"amount":5.34,"net":4.6,"currency":"EUR","info":{"index":1,"text":"AVP / UVP"}},"retailPrice":{"amount":2.86,"net":2.47,"currency":"EUR","info":{"index":1,"text":"AVP / UVP"}}},"calculatedRatingRanking":3.05,"objectID":"12521566","_highlightResult":{"activeSubstances":[{"value":"Dexpanthenol","matchLevel":"none","matchedWords":[]},{"value":"Xylometazolin hydrochlorid","matchLevel":"none","matchedWords":[]}]},"_rankingInfo":{"nbTypos":0,"firstMatchedWord":0,"proximityDistance":0,"userScore":210,"geoDistance":0,"geoPrecision":1,"nbExactWords":0,"words":1,"filters":1,"personalization":{"score":0,"rankingScore":0,"filtersScore":0,"textualRelevanceBucket":1,"initialPosition":190,"newPosition":190}}},{"brandCode":"csd03752","pzn":"12464130","productName":"Nasenspray Sine AL 1 mg/ml","secondaryCategories":["Black Friday®","40% und mehr","Landingpages","NOW! Reiseapotheke","Erkältung & Grippe","Schnupfen","Landingpages","Unsere Topseller","Landingpages","Topseller","Landingpages","Topseller"],"manufacturer":"ALIUD Pharma GmbH","pharmaForm":"Nasenspray","brand":"Aliud","brandIntern":"ALIUD","subBrandIntern":"Nasenspray AL","activeSubstances":["Xylometazolin hydrochlorid"],"additiveSubstances":["Kaliumdihydrogenphosphat","Meerwasser","Wasser, gereinigtes"],"additiveSubstancesHtml":"<ul><li>Kaliumdihydrogenphosphat</li><li>Meerwasser</li><li>Wasser, gereinigtes</li></ul>","descriptionShort":"Zur Abschwellung der Nasenschleimhaut bei Schnupfen","keywords":[],"unit":"ml","unitQuantityString":"15","masterID":"12464124","indicationRanges":["Atemwegskrankheiten und grippale Infekte","Rhinologika, lokale Anwendung","Schnupfenmittel, Sympathomimetika-haltig"],"ratingCount":8,"averageRating":4.75,"attributes":["apothekenpflichtig","Arzneimittel"],"prescriptionMedicine":false,"price":322,"listPrice":403,"netRetailPrice":278,"priceFormatted":"€ 3,22","listPriceFormatted":"€ 4,03","potency":"","ifap":"Das Dosierspray ist ein Schnupfenmittel (Rhinologikum, Alpha-Sympathomimetikum). Der Wirkstoff Xylometazolinhydrochlorid hat gefäßverengende Eigenschaften und bewirkt dadurch eine Abschwellung der Nasenschleimhaut. Das Dosierspray wird angewendetzur Abschwellung der Nasenschleimhaut bei Schnupfen, anfallsweise auftretendem Fließschnupfen (Rhinitis vasomotorica) und allergischem Schnupfen (Rhinitis allergica). zur Erleichterung des Abfließens des Sekrets bei Entzündungen der Nasennebenhöhlen sowie bei Mittelohrentzündung (Katarrh des Tubenmittelohrs) in Verbindung mit Schnupfen. Das Dosierspray ist für Schulkinder und Erwachsene bestimmt.","image":"https://cdn.shop-apotheke.com/images/nasenspray-sine-al-1-mg-ml-nasenspray-D12464130-p1.jpg","hasImage":true,"deeplink":"arzneimittel/12464130/nasenspray-sine-al-1-mg-ml.htm","applicablePromotions":"","variantDetails":"12464124|12464130|20|15 ml|322|arzneimittel/12464130/nasenspray-sine-al-1-mg-ml.htm|product.stockStatus.available","stockStatus":"","stockStatusReason":"product.stockStatus.available","inStock":true,"pricePerUnit":"21,47 € / 100 ml","discountInPercent":20,"created":1508483714000,"lastChanged":1598572281000,"ratingsLink":"/produktbewertungen/12464130/nasenspray-sine-al-1-mg-ml.htm","ean":"4150124641309","RPMultiplier":1,"ribbonText":"","primaryCategory":["Die Online-Apotheke für Deutschland","Die Online-Apotheke für Deutschland/Arzneimittel & weitere Produkte ","Die Online-Apotheke für Deutschland/Arzneimittel & weitere Produkte /Auge, Nase & Ohr","Die Online-Apotheke für Deutschland/Arzneimittel & weitere Produkte /Auge, Nase & Ohr/Nase","Die Online-Apotheke für Deutschland/Arzneimittel & weitere Produkte /Auge, Nase & Ohr/Nase/Schnupfen"],"topsellerCountBucket":11,"filterAttributes":[],"filterRating":0.25,"packSize":"15 ml","variants":[{"id":"12464124","text":"Zur Abschwellung der Nasenschleimhaut bei Schnupfen","webDetailPath":"arzneimittel/12464124/nasenspray-sine-al-1-mg-ml.htm","stock":"product.stockStatus.available","active":true,"discount":"34","retailPrice":"193","listPrice":"291","packSize":"10 ml","nowProductGroup":"sameday_nextday","attributes":["apothekenpflichtig","Arzneimittel"],"productName":"Nasenspray Sine AL 1 mg/ml","pricePerUnit":"19,30 € / 100 ml","imageUrl":"https://cdn.shop-apotheke.com/images/nasenspray-sine-al-1-mg-ml-nasenspray-D12464124-p1.jpg","pharmaForm":"Nasenspray","ribbonText":"","RPMultiplier":"1"},{"id":"12464130","text":"Zur Abschwellung der Nasenschleimhaut bei Schnupfen","webDetailPath":"arzneimittel/12464130/nasenspray-sine-al-1-mg-ml.htm","stock":"product.stockStatus.available","active":false,"discount":"20","retailPrice":"322","listPrice":"403","packSize":"15 ml","nowProductGroup":"sameday_nextday","attributes":["apothekenpflichtig","Arzneimittel"],"productName":"Nasenspray Sine AL 1 mg/ml","pricePerUnit":"21,47 € / 100 ml","imageUrl":"https://cdn.shop-apotheke.com/images/nasenspray-sine-al-1-mg-ml-nasenspray-D12464130-p1.jpg","pharmaForm":"Nasenspray","ribbonText":"","RPMultiplier":"1"}],"master":false,"marketplace":false,"nowProductGroup":"sameday_nextday","notOnStockMessage":"","stockStatusColor":"green","categoryCodes":["csd00001","csd00020","csd00028","csd00033","csd00061","csd01060","csd01434","csd02271","csd02272","root","catalogs","main","landingpages","csd03273","csd03476","csd03647","csd03648"],"prices":{"listPrice":{"amount":4.03,"net":3.47,"currency":"EUR","info":{"index":1,"text":"AVP / UVP"}},"retailPrice":{"amount":3.22,"net":2.78,"currency":"EUR","info":{"index":1,"text":"AVP / UVP"}}},"calculatedRatingRanking":2.81,"objectID":"12464130","_highlightResult":{"activeSubstances":[{"value":"Xylometazolin hydrochlorid","matchLevel":"none","matchedWords":[]}]},"_rankingInfo":{"nbTypos":0,"firstMatchedWord":0,"proximityDistance":0,"userScore":209,"geoDistance":0,"geoPrecision":1,"nbExactWords":0,"words":1,"filters":1,"personalization":{"score":0,"rankingScore":0,"filtersScore":0,"textualRelevanceBucket":1,"initialPosition":191,"newPosition":191}}},{"brandCode":"","pzn":"03897189","productName":"Lora-ADGC®","secondaryCategories":["Black Friday®","40% und mehr","Landingpages","Topseller Allergie","Produkt-Promotions CRM","SHOP APOTHEKE NOW! Allergie","Landingpages","SHOP APOTHEKE NOW!"],"manufacturer":"KSK-Pharma Vertriebs AG","pharmaForm":"Tabletten","brand":"","brandIntern":"KSK-Pharma","subBrandIntern":"Lora-ADGC®","activeSubstances":["Loratadin"],"additiveSubstances":["Magnesium stearat","Povidon K25","Maisstärke","Lactose-1-Wasser"],"additiveSubstancesHtml":"<ul><li>Magnesium stearat</li><li>Povidon K25</li><li>Maisstärke</li><li>Lactose-1-Wasser</li></ul>","descriptionShort":"Zur Behandlung der Beschwerden bei allergisch bedingtem Schnupfen","keywords":[],"unit":"St","unitQuantityString":"100","masterID":"03897166","indicationRanges":["Antiallergika","H1-Antihistaminika (Interna)","Monopräparate"],"ratingCount":99,"averageRating":4.75,"attributes":["apothekenpflichtig","Arzneimittel"],"prescriptionMedicine":false,"price":833,"listPrice":971,"netRetailPrice":718,"priceFormatted":"€ 8,33","listPriceFormatted":"€ 9,71","potency":"","ifap":"Das Arzneimittel wird angewendet zur Behandlung der Beschwerden bei allergischen Entzündungen im Inneren der Nase, z. B. Heuschnupfen chronischer Nesselsucht unbekannter Ursache.","image":"https://cdn.shop-apotheke.com/images/lora-adgc-tabletten-D03897189-p10.jpg","hasImage":true,"deeplink":"arzneimittel/3897189/lora-adgc.htm","applicablePromotions":"","variantDetails":"03897166|03897189|14|100 St|833|arzneimittel/3897189/lora-adgc.htm|product.stockStatus.available","stockStatus":"","stockStatusReason":"product.stockStatus.available","inStock":true,"pricePerUnit":"","discountInPercent":14,"created":1445168420000,"lastChanged":1598569651000,"ratingsLink":"/produktbewertungen/3897189/lora-adgc.htm","ean":"","RPMultiplier":1,"ribbonText":"","primaryCategory":["Die Online-Apotheke für Deutschland","Die Online-Apotheke für Deutschland/Arzneimittel & weitere Produkte ","Die Online-Apotheke für Deutschland/Arzneimittel & weitere Produkte /Allergie & Asthma","Die Online-Apotheke für Deutschland/Arzneimittel & weitere Produkte /Allergie & Asthma/Allergiemittel zum Einnehmen"],"topsellerCountBucket":11,"filterAttributes":[],"filterRating":0.25,"packSize":"100 St","variants":[{"id":"03897166","text":"Zur Behandlung der Beschwerden bei allergisch bedingtem Schnupfen","webDetailPath":"arzneimittel/3897166/lora-adgc.htm","stock":"product.stockStatus.available","active":true,"discount":"6","retailPrice":"247","listPrice":"263","packSize":"20 St","nowProductGroup":"sameday_nextday","attributes":["apothekenpflichtig","Arzneimittel"],"productName":"Lora-ADGC®","pricePerUnit":"","imageUrl":"https://cdn.shop-apotheke.com/images/lora-adgc-tabletten-D03897166-p10.jpg","pharmaForm":"Tabletten","ribbonText":"","RPMultiplier":"1"},{"id":"03897172","text":"Zur Behandlung der Beschwerden bei allergisch bedingtem Schnupfen","webDetailPath":"arzneimittel/3897172/lora-adgc.htm","stock":"product.stockStatus.available","active":false,"discount":"5","retailPrice":"518","listPrice":"545","packSize":"50 St","nowProductGroup":"sameday_nextday","attributes":["apothekenpflichtig","Arzneimittel"],"productName":"Lora-ADGC®","pricePerUnit":"","imageUrl":"https://cdn.shop-apotheke.com/images/lora-adgc-tabletten-D03897172-p1.jpg","pharmaForm":"Tabletten","ribbonText":"","RPMultiplier":"1"},{"id":"03897189","text":"Zur Behandlung der Beschwerden bei allergisch bedingtem Schnupfen","webDetailPath":"arzneimittel/3897189/lora-adgc.htm","stock":"product.stockStatus.available","active":false,"discount":"14","retailPrice":"833","listPrice":"971","packSize":"100 St","nowProductGroup":"sameday_nextday","attributes":["apothekenpflichtig","Arzneimittel"],"productName":"Lora-ADGC®","pricePerUnit":"","imageUrl":"https://cdn.shop-apotheke.com/images/lora-adgc-tabletten-D03897189-p10.jpg","pharmaForm":"Tabletten","ribbonText":"","RPMultiplier":"1"}],"master":false,"marketplace":true,"nowProductGroup":"sameday_nextday","notOnStockMessage":"","stockStatusColor":"green","categoryCodes":["csd00001","csd00010","csd00011","csd01434","csd02271","csd02272","root","catalogs","main","landingpages","csd03290","csd03339","csd03987","csd03988","csd03340"],"prices":{"listPrice":{"amount":9.71,"net":8.37,"currency":"EUR","info":{"index":1,"text":"AVP / UVP"}},"retailPrice":{"amount":8.33,"net":7.18,"currency":"EUR","info":{"index":1,"text":"AVP / UVP"}}},"calculatedRatingRanking":3.99,"objectID":"03897189","_highlightResult":{"activeSubstances":[{"value":"Loratadin","matchLevel":"none","matchedWords":[]}]},"_rankingInfo":{"nbTypos":0,"firstMatchedWord":0,"proximityDistance":0,"userScore":208,"geoDistance":0,"geoPrecision":1,"nbExactWords":0,"words":1,"filters":1,"personalization":{"score":0,"rankingScore":0,"filtersScore":0,"textualRelevanceBucket":1,"initialPosition":192,"newPosition":192}}},{"brandCode":"","pzn":"02837759","productName":"Ketozolin® 2%","secondaryCategories":["Pilzinfektion","Haut- & Fußpilz","Pilzinfektionen","Kopfschuppen und lästiger Juckreiz","Black Friday®","30% und mehr","Landingpages","Beauty Topseller","Landingpages","Beauty-Topseller: 10% Rabatt mit beauty2019 sichern!","Healthy Deals","Beauty Spar-Angebote","Landingpages","Topseller","Landingpages","SHOP APOTHEKE NOW!","Healthy Deals","Healthy Deals Aktionsprodukte","Landingpages","Sommerbeschwerden","Healthy Deals","Healthy Deals Beauty & Pflege","Landingpages","Healthy Deals App-Angebote"],"manufacturer":"DERMAPHARM AG","pharmaForm":"Shampoo","brand":"","brandIntern":"Ketozolin®","subBrandIntern":"","activeSubstances":["Ketoconazol"],"additiveSubstances":["Euxyl K200","N,N-Bis(2-hydroxyethyl)cocosfettsäureamid","PEG-7 glycerol cocoat","Cochenillerot A","Tridodecylammoniumpolypeptid","Poly(oxyethylen)-120-methyl(D-glucopyranosid)dioleat","Dodecylpoly(oxyethylen)-(2,3)-hydrogensulfosuccinat, Dinatriumsalz","Natrium laureth-2 sulfat","Natriumhydroxid zur pH-Wert-Einstellung","Salzsäure zur pH-Wert-Einstellung","Wasser, gereinigtes","Natriumchlorid"],"additiveSubstancesHtml":"<ul><li>Euxyl K200</li><li>N,N-Bis(2-hydroxyethyl)cocosfettsäureamid</li><li>PEG-7 glycerol cocoat</li><li>Cochenillerot A</li><li>Tridodecylammoniumpolypeptid</li><li>Poly(oxyethylen)-120-methyl(D-glucopyranosid)dioleat</li><li>Dodecylpoly(oxyethylen)-(2,3)-hydrogensulfosuccinat, Dinatriumsalz</li><li>Natrium laureth-2 sulfat</li><li>Natriumhydroxid zur pH-Wert-Einstellung</li><li>Salzsäure zur pH-Wert-Einstellung</li><li>Wasser, gereinigtes</li><li>Natriumchlorid</li></ul>","descriptionShort":"Ketozolin® 2% Shampoo wird angewendet bei Pilzerkrankungen der Haut und Kopfhaut","keywords":[],"unit":"ml","unitQuantityString":"120","masterID":"02837742","indicationRanges":["Antimykotika","Externa","Synthetika: Imidazol- und Triazolderivate (Monopräparate)","Dermatotherapeutika","Präparate zur Anwendung auf der Kopfhaut","Medizinische Haarwäschen"],"ratingCount":74,"averageRating":4.75,"attributes":["apothekenpflichtig","Arzneimittel"],"prescriptionMedicine":false,"price":1265,"listPrice":1614,"netRetailPrice":1091,"priceFormatted":"€ 12,65","listPriceFormatted":"€ 16,14","potency":"","ifap":"","image":"https://cdn.shop-apotheke.com/images/ketozolin-2-shampoo-D02837759-p1.jpg","hasImage":true,"deeplink":"beauty/2837759/ketozolin-2.htm","applicablePromotions":"","variantDetails":"02837742|02837759|22|120 ml|1265|beauty/2837759/ketozolin-2.htm|product.stockStatus.available","stockStatus":"","stockStatusReason":"product.stockStatus.available","inStock":true,"pricePerUnit":"10,54 € / 100 ml","discountInPercent":22,"created":1445174117000,"lastChanged":1598601427000,"ratingsLink":"/produktbewertungen/2837759/ketozolin-2.htm","ean":"4250297404531","RPMultiplier":1,"ribbonText":"","primaryCategory":["Die Online-Apotheke für Deutschland","Die Online-Apotheke für Deutschland/Beauty & Pflege","Die Online-Apotheke für Deutschland/Beauty & Pflege/Hautbedürfnisse","Die Online-Apotheke für Deutschland/Beauty & Pflege/Hautbedürfnisse/Haare & Kopfhaut","Die Online-Apotheke für Deutschland/Beauty & Pflege/Hautbedürfnisse/Haare & Kopfhaut/Schuppiges Haar"],"topsellerCountBucket":11,"filterAttributes":[],"filterRating":0.25,"packSize":"120 ml","variants":[{"id":"02837742","text":"Ketozolin® 2% Shampoo wird angewendet bei Pilzerkrankungen der Haut und Kopfhaut","webDetailPath":"beauty/2837742/ketozolin-2.htm","stock":"product.stockStatus.available","active":true,"discount":"22","retailPrice":"677","listPrice":"872","packSize":"60 ml","nowProductGroup":"sameday_nextday","attributes":["apothekenpflichtig","Arzneimittel"],"productName":"Ketozolin® 2%","pricePerUnit":"11,28 € / 100 ml","imageUrl":"https://cdn.shop-apotheke.com/images/ketozolin-2-shampoo-D02837742-p1.jpg","pharmaForm":"Shampoo","ribbonText":"","RPMultiplier":"1"},{"id":"02837759","text":"Ketozolin® 2% Shampoo wird angewendet bei Pilzerkrankungen der Haut und Kopfhaut","webDetailPath":"beauty/2837759/ketozolin-2.htm","stock":"product.stockStatus.available","active":false,"discount":"22","retailPrice":"1265","listPrice":"1614","packSize":"120 ml","nowProductGroup":"none","attributes":["apothekenpflichtig","Arzneimittel"],"productName":"Ketozolin® 2%","pricePerUnit":"10,54 € / 100 ml","imageUrl":"https://cdn.shop-apotheke.com/images/ketozolin-2-shampoo-D02837759-p1.jpg","pharmaForm":"Shampoo","ribbonText":"","RPMultiplier":"1"}],"master":false,"marketplace":true,"nowProductGroup":"none","notOnStockMessage":"","stockStatusColor":"green","categoryCodes":["csd00398","csd00615","csd00147","csd00154","csd00001","csd00144","csd00158","csd00168","csd00169","root","catalogs","main","themeshop","csd02557","csd02561","csd01434","csd02271","csd02859","csd02968","csd03289","landingpages","csd03339","csd03461","csd03477","csd03489","csd03570","csd03635","csd03648","csd04003"],"prices":{"listPrice":{"amount":16.14,"net":13.91,"currency":"EUR","info":{"index":1,"text":"AVP / UVP"}},"retailPrice":{"amount":12.65,"net":10.91,"currency":"EUR","info":{"index":1,"text":"AVP / UVP"}}},"calculatedRatingRanking":3.84,"objectID":"02837759","_highlightResult":{"activeSubstances":[{"value":"Ketoconazol","matchLevel":"none","matchedWords":[]}]},"_rankingInfo":{"nbTypos":0,"firstMatchedWord":0,"proximityDistance":0,"userScore":207,"geoDistance":0,"geoPrecision":1,"nbExactWords":0,"words":1,"filters":1,"personalization":{"score":0,"rankingScore":0,"filtersScore":0,"textualRelevanceBucket":1,"initialPosition":193,"newPosition":193}}},{"brandCode":"","pzn":"12423869","productName":"VIGANTOLVIT® Vitamin D3 2000 I.E.","secondaryCategories":["Landingpages","Vigantolvit®","Landingpages","Flash Deal Mineralstoffe","Landingpages","Adventskalender Türchen 20","Landingpages","Vorsatz: Vitamine & Mineralstoffe","Landingpages","RedPoints Moonlight Aktion","Landingpages","Abo Produkte"],"manufacturer":"P&G Health Germany GmbH","pharmaForm":"Weichkapseln","brand":"","brandIntern":"VIGANTOLVIT®","subBrandIntern":"","activeSubstances":["Colecalciferol"],"additiveSubstances":["Gelatine vom Rind","Triglyceride, mittelkettige","DL-α-Tocopherol","Glycerol"],"additiveSubstancesHtml":"<ul><li>Gelatine vom Rind</li><li>Triglyceride, mittelkettige</li><li>DL-α-Tocopherol</li><li>Glycerol</li></ul>","descriptionShort":"Trägt zum Erhalt gesunder Knochen und einer normalen Muskelfunktion bei","keywords":[],"unit":"St","unitQuantityString":"120","masterID":"12423852","indicationRanges":["Vitamine","Vitamin D und Derivate","Vitamin D (Monopräparate)"],"ratingCount":39,"averageRating":4.74,"attributes":["Lebensmittel","Nahrungsergänzungsmittel","ABO"],"prescriptionMedicine":false,"price":1284,"listPrice":1749,"netRetailPrice":1223,"priceFormatted":"€ 12,84","listPriceFormatted":"€ 17,49","potency":"","ifap":"","image":"https://cdn.shop-apotheke.com/images/vigantolvit-vitamin-d3-2000-i-e-weichkapseln-D12423869-p1.jpg","hasImage":true,"deeplink":"arzneimittel/12423869/vigantolvit-vitamin-d3-2000-i-e.htm","applicablePromotions":"","variantDetails":"12423852|12423869|27|120 St|1284|arzneimittel/12423869/vigantolvit-vitamin-d3-2000-i-e.htm|product.stockStatus.available","stockStatus":"","stockStatusReason":"product.stockStatus.available","inStock":true,"pricePerUnit":"","discountInPercent":27,"created":1489071305000,"lastChanged":1598572259000,"ratingsLink":"/produktbewertungen/12423869/vigantolvit-vitamin-d3-2000-i-e.htm","ean":"4054839544897","RPMultiplier":1,"ribbonText":"","primaryCategory":["Die Online-Apotheke für Deutschland","Die Online-Apotheke für Deutschland/Arzneimittel & weitere Produkte ","Die Online-Apotheke für Deutschland/Arzneimittel & weitere Produkte /Vitamine & Mineralstoffe","Die Online-Apotheke für Deutschland/Arzneimittel & weitere Produkte /Vitamine & Mineralstoffe/Vitaminpräparate","Die Online-Apotheke für Deutschland/Arzneimittel & weitere Produkte /Vitamine & Mineralstoffe/Vitaminpräparate/Vitamin D"],"topsellerCountBucket":11,"filterAttributes":["Lebensmittel","Nahrungsergänzungsmittel","ABO"],"filterRating":0.26,"packSize":"120 St","variants":[{"id":"12423852","text":"Trägt zum Erhalt gesunder Knochen und einer normalen Muskelfunktion bei","webDetailPath":"arzneimittel/12423852/vigantolvit-vitamin-d3-2000-i-e.htm","stock":"product.stockStatus.available","active":true,"discount":"27","retailPrice":"733","listPrice":"999","packSize":"60 St","nowProductGroup":"sameday_nextday","attributes":["Lebensmittel","Nahrungsergänzungsmittel","ABO"],"productName":"VIGANTOLVIT® Vitamin D3 2000 I.E.","pricePerUnit":"","imageUrl":"https://cdn.shop-apotheke.com/images/vigantolvit-vitamin-d3-2000-i-e-weichkapseln-D12423852-p1.jpg","pharmaForm":"Weichkapseln","ribbonText":"","RPMultiplier":"1"},{"id":"08104753","text":"Trägt zum Erhalt gesunder Knochen und einer normalen Muskelfunktion bei","webDetailPath":"arzneimittel/8104753/vigantolvit-vitamin-d3-2000-i-e.htm","stock":"product.stockStatus.available","active":false,"discount":"26","retailPrice":"2601","listPrice":"3528","packSize":"4x60 St","nowProductGroup":"sameday_nextday","attributes":["Lebensmittel","Nahrungsergänzungsmittel"],"productName":"VIGANTOLVIT® Vitamin D3 2000 I.E.","pricePerUnit":"","imageUrl":"https://cdn.shop-apotheke.com/images/vigantolvit-vitamin-d3-2000-i-e-weichkapseln-D08104753-p1.jpg","pharmaForm":"Weichkapseln","ribbonText":"Sparset","RPMultiplier":"1"},{"id":"12423869","text":"Trägt zum Erhalt gesunder Knochen und einer normalen Muskelfunktion bei","webDetailPath":"arzneimittel/12423869/vigantolvit-vitamin-d3-2000-i-e.htm","stock":"product.stockStatus.available","active":false,"discount":"27","retailPrice":"1284","listPrice":"1749","packSize":"120 St","nowProductGroup":"sameday_nextday","attributes":["Lebensmittel","Nahrungsergänzungsmittel","ABO"],"productName":"VIGANTOLVIT® Vitamin D3 2000 I.E.","pricePerUnit":"","imageUrl":"https://cdn.shop-apotheke.com/images/vigantolvit-vitamin-d3-2000-i-e-weichkapseln-D12423869-p1.jpg","pharmaForm":"Weichkapseln","ribbonText":"","RPMultiplier":"1"}],"master":false,"marketplace":false,"nowProductGroup":"sameday_nextday","notOnStockMessage":"","stockStatusColor":"green","categoryCodes":["csd00001","csd00324","csd00352","csd00358","root","catalogs","main","landingpages","csd02954","csd03516","csd03526","csd03678","csd03690","csd03692"],"prices":{"listPrice":{"amount":17.49,"net":16.66,"currency":"EUR","info":{"index":1,"text":"AVP / UVP"}},"retailPrice":{"amount":12.84,"net":12.23,"currency":"EUR","info":{"index":1,"text":"AVP / UVP"}}},"calculatedRatingRanking":3.48,"objectID":"12423869","_highlightResult":{"activeSubstances":[{"value":"Colecalciferol","matchLevel":"none","matchedWords":[]}]},"_rankingInfo":{"nbTypos":0,"firstMatchedWord":0,"proximityDistance":0,"userScore":206,"geoDistance":0,"geoPrecision":1,"nbExactWords":0,"words":1,"filters":1,"personalization":{"score":0,"rankingScore":0,"filtersScore":0,"textualRelevanceBucket":1,"initialPosition":194,"newPosition":194}}},{"brandCode":"csd2684","pzn":"04957864","productName":"Posterisan® akut Salbe","secondaryCategories":["Ratgeber","Hämmorrhoiden","Landingpages","FAKTU® lind & Posterisan®","Black Friday®","40% und mehr","Black Friday®","Wohl durch den Winter","UNSERE ADVENTS-ÜBERASCHUNG EXKLUSIV FÜR UNSERE BESTEN KUNDEN.","Advent 3","Landingpages","SHOP APOTHEKE NOW!"],"manufacturer":"DR. KADE Pharmazeutische Fabrik GmbH","pharmaForm":"Salbe","brand":"Posterisan","brandIntern":"Posterisan®","subBrandIntern":"akut","activeSubstances":["Lidocain"],"additiveSubstances":["Cetylalkohol","Wasser, gereinigtes","Macrogol"],"additiveSubstancesHtml":"<ul><li>Cetylalkohol</li><li>Wasser, gereinigtes</li><li>Macrogol</li></ul>","descriptionShort":"Hilft rasch gegen akute Beschwerden bei (schmerzenden) Hämorrhoiden","keywords":["Posterisan","Hämorrhoiden"],"unit":"g","unitQuantityString":"25","masterID":"04957864","indicationRanges":["Venen- und Hämorrhoidenmittel","Hämorrhoidenmittel","Lokale Anwendung: corticoidfrei"],"ratingCount":76,"averageRating":4.74,"attributes":["apothekenpflichtig","Arzneimittel"],"prescriptionMedicine":false,"price":954,"listPrice":1364,"netRetailPrice":822,"priceFormatted":"€ 9,54","listPriceFormatted":"€ 13,64","potency":"","ifap":"Das Arzneimittel enthält ein lokal wirksames Schmerzmittel (Lokalanästhetikum) und dient zur Linderung von schmerzenden Beschwerden im Analbereich. Das Arzneimittel wird angewendet zurLinderung von Schmerzen im Analbereich vor proktologischer Untersuchung.","image":"https://cdn.shop-apotheke.com/images/posterisan-akut-salbe-salbe-D04957864-p1.jpg","hasImage":true,"deeplink":"arzneimittel/4957864/posterisan-akut-salbe.htm","applicablePromotions":"","variantDetails":"04957864|04957864|30|25 g|954|arzneimittel/4957864/posterisan-akut-salbe.htm|product.stockStatus.available","stockStatus":"","stockStatusReason":"product.stockStatus.available","inStock":true,"pricePerUnit":"38,16 € / 100 g","discountInPercent":30,"created":1445170208000,"lastChanged":1598569993000,"ratingsLink":"/produktbewertungen/4957864/posterisan-akut-salbe.htm","ean":"","RPMultiplier":1,"ribbonText":"","primaryCategory":["Die Online-Apotheke für Deutschland","Die Online-Apotheke für Deutschland/Arzneimittel & weitere Produkte ","Die Online-Apotheke für Deutschland/Arzneimittel & weitere Produkte /Magen & Darm","Die Online-Apotheke für Deutschland/Arzneimittel & weitere Produkte /Magen & Darm/Hämorrhoiden"],"topsellerCountBucket":11,"filterAttributes":[],"filterRating":0.26,"packSize":"25 g","variants":[{"id":"04957864","text":"Hilft rasch gegen akute Beschwerden bei (schmerzenden) Hämorrhoiden","webDetailPath":"arzneimittel/4957864/posterisan-akut-salbe.htm","stock":"product.stockStatus.available","active":true,"discount":"30","retailPrice":"954","listPrice":"1364","packSize":"25 g","nowProductGroup":"sameday_nextday","attributes":["apothekenpflichtig","Arzneimittel"],"productName":"Posterisan® akut Salbe","pricePerUnit":"38,16 € / 100 g","imageUrl":"https://cdn.shop-apotheke.com/images/posterisan-akut-salbe-salbe-D04957864-p1.jpg","pharmaForm":"Salbe","ribbonText":"","RPMultiplier":"1"}],"master":true,"marketplace":true,"nowProductGroup":"sameday_nextday","notOnStockMessage":"","stockStatusColor":"green","categoryCodes":["csd00001","csd00219","csd00223","root","catalogs","main","themeshop","csd01152","csd01434","csd02271","csd02272","landingpages","csd02552","csd03339","csd03646","csd03644","csd03668"],"prices":{"listPrice":{"amount":13.64,"net":11.76,"currency":"EUR","info":{"index":1,"text":"AVP / UVP"}},"retailPrice":{"amount":9.54,"net":8.22,"currency":"EUR","info":{"index":1,"text":"AVP / UVP"}}},"calculatedRatingRanking":3.85,"objectID":"04957864","_highlightResult":{"activeSubstances":[{"value":"Lidocain","matchLevel":"none","matchedWords":[]}]},"_rankingInfo":{"nbTypos":0,"firstMatchedWord":0,"proximityDistance":0,"userScore":205,"geoDistance":0,"geoPrecision":1,"nbExactWords":0,"words":1,"filters":1,"personalization":{"score":0,"rankingScore":0,"filtersScore":0,"textualRelevanceBucket":1,"initialPosition":195,"newPosition":195}}},{"brandCode":"csd2834","pzn":"09684052","productName":"Sab simplex® Suspension","secondaryCategories":["Landingpages","Weltgesundheitstag: Hausapotheke"],"manufacturer":"Pfizer Pharma PFE GmbH","pharmaForm":"Suspension","brand":"Sab simplex Suspension","brandIntern":"Sab simplex®","subBrandIntern":"","activeSubstances":["Simeticon"],"additiveSubstances":["Hypromellose","Polyethylenglycol-x-stearylether","Natriumbenzoat","Saccharin natrium","Carbomer 974 P","Vanille-Aroma 200817","Vanille-Aroma 200817","Himbeer-Aroma, ethanolhaltig","Wasser, gereinigtes","Natrium citrat","Citronensäure monohydrat","Sorbinsäure","Natrium cyclamat"],"additiveSubstancesHtml":"<ul><li>Hypromellose</li><li>Polyethylenglycol-x-stearylether</li><li>Natriumbenzoat</li><li>Saccharin natrium</li><li>Carbomer 974 P</li><li>Vanille-Aroma 200817</li><li>Vanille-Aroma 200817</li><li>Himbeer-Aroma, ethanolhaltig</li><li>Wasser, gereinigtes</li><li>Natrium citrat</li><li>Citronensäure monohydrat</li><li>Sorbinsäure</li><li>Natrium cyclamat</li></ul>","descriptionShort":"Zur symptomatischen Behandlung gasbedingter Magen-Darm-Beschwerden, z. B. Meteorismus","keywords":[],"unit":"ml","unitQuantityString":"100","masterID":"00893334","indicationRanges":["Antidote","Entschäumer bei Spülmittelvergiftungen","Magen-Darm-wirksame Pharmaka","Karminativa","Karminativa, enzym- und azidafrei"],"ratingCount":75,"averageRating":4.73,"attributes":["apothekenpflichtig","Arzneimittel"],"prescriptionMedicine":false,"price":2187,"listPrice":2833,"netRetailPrice":1885,"priceFormatted":"€ 21,87","listPriceFormatted":"€ 28,33","potency":"","ifap":"Das Präparat ist ein Mittel zur Behandlung funktioneller Störungen des Magen-Darm-Trakts. Der Wirkstoff Simeticon ist ein oberflächenaktiver Stoff (Entschäumer), der in der Lage ist, übermäßige Luft-/Gasansammlungen im Magen-Darm-Trakt aufzulösen. Das Präparat wird angewendetzur symptomatischen Behandlung gasbedingter Magen-Darm-Beschwerden, z. B. Blähungen (Meteorismus), Völlegefühl. zur Vorbereitung von Untersuchungen im Bauchbereich, wie z. B. Röntgen und Sonographie (Ultraschalluntersuchung) und zur Vorbereitung von Gastroduodenoskopien (Magen-Darm-Spiegelungen). bei verstärkter Gasbildung nach Operationen. bei Spülmittelvergiftungen.","image":"https://cdn.shop-apotheke.com/images/sab-simplex-suspension-suspension-D09684052-p10.jpg","hasImage":true,"deeplink":"arzneimittel/9684052/sab-simplex-suspension.htm","applicablePromotions":"","variantDetails":"00893334|09684052|23|100 ml|2187|arzneimittel/9684052/sab-simplex-suspension.htm|product.stockStatus.available","stockStatus":"","stockStatusReason":"product.stockStatus.available","inStock":true,"pricePerUnit":"21,87 € / 100 ml","discountInPercent":23,"created":1445170534000,"lastChanged":1598571508000,"ratingsLink":"/produktbewertungen/9684052/sab-simplex-suspension.htm","ean":"","RPMultiplier":1,"ribbonText":"","primaryCategory":["Die Online-Apotheke für Deutschland","Die Online-Apotheke für Deutschland/Arzneimittel & weitere Produkte ","Die Online-Apotheke für Deutschland/Arzneimittel & weitere Produkte /Magen & Darm","Die Online-Apotheke für Deutschland/Arzneimittel & weitere Produkte /Magen & Darm/Blähungen & Krämpfe"],"topsellerCountBucket":11,"filterAttributes":[],"filterRating":0.27,"packSize":"100 ml","variants":[{"id":"00893334","text":"Zur symptomatischen Behandlung gasbedingter Magen-Darm-Beschwerden, z. B. Blähungen und Völlegefühl","webDetailPath":"arzneimittel/893334/sab-simplex.htm","stock":"product.stockStatus.available","active":true,"discount":"23","retailPrice":"672","listPrice":"872","packSize":"30 ml","nowProductGroup":"sameday_nextday","attributes":["apothekenpflichtig","Arzneimittel"],"productName":"Sab simplex®","pricePerUnit":"22,40 € / 100 ml","imageUrl":"https://cdn.shop-apotheke.com/images/sab-simplex-suspension-D00893334-p10.jpg","pharmaForm":"Suspension","ribbonText":"","RPMultiplier":"1"},{"id":"02702054","text":"Zur symptomatischen Behandlung gasbedingter Magen-Darm-Beschwerden, z. B. Blähungen und Völlegefühl","webDetailPath":"arzneimittel/2702054/sab-simplex.htm","stock":"product.stockStatus.available","active":false,"discount":"18","retailPrice":"2726","listPrice":"3330","packSize":"4X30 ml","nowProductGroup":"sameday_nextday","attributes":["apothekenpflichtig","Arzneimittel"],"productName":"Sab simplex®","pricePerUnit":"22,72 € / 100 ml","imageUrl":"https://cdn.shop-apotheke.com/images/sab-simplex-suspension-D02702054-p1.jpg","pharmaForm":"Suspension","ribbonText":"","RPMultiplier":"1"},{"id":"09684052","text":"Zur symptomatischen Behandlung gasbedingter Magen-Darm-Beschwerden, z. B. Meteorismus","webDetailPath":"arzneimittel/9684052/sab-simplex-suspension.htm","stock":"product.stockStatus.available","active":false,"discount":"23","retailPrice":"2187","listPrice":"2833","packSize":"100 ml","nowProductGroup":"none","attributes":["apothekenpflichtig","Arzneimittel"],"productName":"Sab simplex® Suspension","pricePerUnit":"21,87 € / 100 ml","imageUrl":"https://cdn.shop-apotheke.com/images/sab-simplex-suspension-suspension-D09684052-p10.jpg","pharmaForm":"Suspension","ribbonText":"","RPMultiplier":"1"}],"master":false,"marketplace":false,"nowProductGroup":"none","notOnStockMessage":"","stockStatusColor":"green","categoryCodes":["csd00001","csd00219","csd00221","root","catalogs","main","landingpages","csd03939"],"prices":{"listPrice":{"amount":28.33,"net":24.42,"currency":"EUR","info":{"index":1,"text":"AVP / UVP"}},"retailPrice":{"amount":21.87,"net":18.85,"currency":"EUR","info":{"index":1,"text":"AVP / UVP"}}},"calculatedRatingRanking":3.84,"objectID":"09684052","_highlightResult":{"activeSubstances":[{"value":"Simeticon","matchLevel":"none","matchedWords":[]}]},"_rankingInfo":{"nbTypos":0,"firstMatchedWord":0,"proximityDistance":0,"userScore":204,"geoDistance":0,"geoPrecision":1,"nbExactWords":0,"words":1,"filters":1,"personalization":{"score":0,"rankingScore":0,"filtersScore":0,"textualRelevanceBucket":1,"initialPosition":196,"newPosition":196}}},{"brandCode":"csd03698","pzn":"08000288","productName":"Ginkobil® ratiopharm 120 mg","secondaryCategories":["Geschenke Themenwelt","Gesundheit schenken","Black Friday®","50% und mehr","Landingpages","Abo Produkte","Landingpages","SHOP APOTHEKE NOW!"],"manufacturer":"ratiopharm GmbH","pharmaForm":"Filmtabletten","brand":"ratiopharm","brandIntern":"ratiopharm","subBrandIntern":"Ginkobil®","activeSubstances":[],"additiveSubstances":[],"additiveSubstancesHtml":"","descriptionShort":"Bei geistigen Leistungsstörungen und Durchblutungsstörungen","keywords":[],"unit":"St","unitQuantityString":"2X120","masterID":"06680869","indicationRanges":[],"ratingCount":156,"averageRating":4.73,"attributes":["apothekenpflichtig","Arzneimittel","ABO"],"prescriptionMedicine":false,"price":8429,"listPrice":17736,"netRetailPrice":7266,"priceFormatted":"€ 84,29","listPriceFormatted":"€ 177,36","potency":"","ifap":"","image":"https://cdn.shop-apotheke.com/images/ginkobil-ratiopharm-120-mg-filmtabletten-D08000288-p1.jpg","hasImage":true,"deeplink":"arzneimittel/8000288/ginkobil-ratiopharm-120-mg.htm","applicablePromotions":"promotion=Sparsets","variantDetails":"06680869|08000288|52|2X120 St|8429|arzneimittel/8000288/ginkobil-ratiopharm-120-mg.htm|product.stockStatus.available","stockStatus":"","stockStatusReason":"product.stockStatus.available","inStock":true,"pricePerUnit":"","discountInPercent":52,"created":1446641100000,"lastChanged":1598570846000,"ratingsLink":"/produktbewertungen/8000288/ginkobil-ratiopharm-120-mg.htm","ean":"","RPMultiplier":1,"ribbonText":"Sparset","primaryCategory":["Die Online-Apotheke für Deutschland","Die Online-Apotheke für Deutschland/Arzneimittel & weitere Produkte ","Die Online-Apotheke für Deutschland/Arzneimittel & weitere Produkte /Herz, Kreislauf & Gefäße","Die Online-Apotheke für Deutschland/Arzneimittel & weitere Produkte /Herz, Kreislauf & Gefäße/Konzentration & Leistungsfähigkeit"],"topsellerCountBucket":11,"filterAttributes":["ABO"],"filterRating":0.27,"packSize":"2X120 St","variants":[{"id":"06680869","text":"Bei geistigen Leistungsstörungen und Durchblutungsstörungen","webDetailPath":"arzneimittel/6680869/ginkobil-ratiopharm-120-mg.htm","stock":"product.stockStatus.available","active":true,"discount":"43","retailPrice":"1448","listPrice":"2559","packSize":"30 St","nowProductGroup":"sameday_nextday","attributes":["apothekenpflichtig","pflanzlich","Arzneimittel"],"productName":"Ginkobil® ratiopharm 120 mg","pricePerUnit":"","imageUrl":"https://cdn.shop-apotheke.com/images/ginkobil-ratiopharm-120-mg-filmtabletten-D06680869-p1.jpg","pharmaForm":"Filmtabletten","ribbonText":"","RPMultiplier":"1"},{"id":"06680875","text":"Bei geistigen Leistungsstörungen und Durchblutungsstörungen","webDetailPath":"arzneimittel/6680875/ginkobil-ratiopharm-120-mg.htm","stock":"product.stockStatus.available","active":false,"discount":"42","retailPrice":"2777","listPrice":"4826","packSize":"60 St","nowProductGroup":"sameday_nextday","attributes":["apothekenpflichtig","pflanzlich","Arzneimittel","ABO"],"productName":"Ginkobil® ratiopharm 120 mg","pricePerUnit":"","imageUrl":"https://cdn.shop-apotheke.com/images/ginkobil-ratiopharm-120-mg-filmtabletten-D06680875-p1.jpg","pharmaForm":"Filmtabletten","ribbonText":"","RPMultiplier":"1"},{"id":"06680881","text":"Bei geistigen Leistungsstörungen und Durchblutungsstörungen","webDetailPath":"arzneimittel/6680881/ginkobil-ratiopharm-120-mg.htm","stock":"product.stockStatus.available","active":false,"discount":"47","retailPrice":"4677","listPrice":"8868","packSize":"120 St","nowProductGroup":"sameday_nextday","attributes":["apothekenpflichtig","pflanzlich","Arzneimittel","ABO"],"productName":"Ginkobil® ratiopharm 120 mg","pricePerUnit":"","imageUrl":"https://cdn.shop-apotheke.com/images/ginkobil-ratiopharm-120-mg-filmtabletten-D06680881-p1.jpg","pharmaForm":"Filmtabletten","ribbonText":"","RPMultiplier":"1"},{"id":"08000288","text":"Bei geistigen Leistungsstörungen und Durchblutungsstörungen","webDetailPath":"arzneimittel/8000288/ginkobil-ratiopharm-120-mg.htm","stock":"product.stockStatus.available","active":false,"discount":"52","retailPrice":"8429","listPrice":"17736","packSize":"2X120 St","nowProductGroup":"sameday_nextday","attributes":["apothekenpflichtig","Arzneimittel","ABO"],"productName":"Ginkobil® ratiopharm 120 mg","pricePerUnit":"","imageUrl":"https://cdn.shop-apotheke.com/images/ginkobil-ratiopharm-120-mg-filmtabletten-D08000288-p1.jpg","pharmaForm":"Filmtabletten","ribbonText":"Sparset","RPMultiplier":"1"}],"master":false,"marketplace":false,"nowProductGroup":"sameday_nextday","notOnStockMessage":"","stockStatusColor":"green","categoryCodes":["csd00001","csd00175","csd00181","csd02764","csd02770","csd01458","csd01434","csd02271","csd02860","root","catalogs","main","landingpages","csd03339","csd03692"],"prices":{"listPrice":{"amount":177.36,"net":152.9,"currency":"EUR","info":{"index":1,"text":"AVP / UVP"}},"retailPrice":{"amount":84.29,"net":72.66,"currency":"EUR","info":{"index":1,"text":"AVP / UVP"}}},"calculatedRatingRanking":4.19,"objectID":"08000288","_rankingInfo":{"nbTypos":0,"firstMatchedWord":0,"proximityDistance":0,"userScore":203,"geoDistance":0,"geoPrecision":1,"nbExactWords":0,"words":1,"filters":1,"personalization":{"score":0,"rankingScore":0,"filtersScore":0,"textualRelevanceBucket":1,"initialPosition":197,"newPosition":197}}},{"brandCode":"","pzn":"07387580","productName":"REACTINE duo® Retardtabletten","secondaryCategories":["Landingpages","Allergie-Topseller","Landingpages","Topseller Allergie","Produkt-Promotions CRM","SHOP APOTHEKE NOW! Allergie","Landingpages","Weltgesundheitstag: Hausapotheke","Landingpages","100 Topseller","Landingpages","SHOP APOTHEKE NOW!"],"manufacturer":"Johnson & Johnson GmbH (OTC)","pharmaForm":"Retard-Tabletten","brand":"","brandIntern":"REACTINE®","subBrandIntern":"duo®","activeSubstances":["Cetirizin dihydrochlorid","Pseudoephedrin hydrochlorid (retardiert)"],"additiveSubstances":["Croscarmellose natrium","Croscarmellose natrium","Hypromellose","Siliciumdioxid, hochdisperses","Cellulose, mikrokristalline","Magnesium stearat (pflanzlich)","Lactose-1-Wasser","Macrogol 400","Titandioxid"],"additiveSubstancesHtml":"<ul><li>Croscarmellose natrium</li><li>Croscarmellose natrium</li><li>Hypromellose</li><li>Siliciumdioxid, hochdisperses</li><li>Cellulose, mikrokristalline</li><li>Magnesium stearat (pflanzlich)</li><li>Lactose-1-Wasser</li><li>Macrogol 400</li><li>Titandioxid</li></ul>","descriptionShort":"Schnell wirksam und gut verträglich","keywords":["allergietabletten","allergietablette","allergie tabletten","allergie tablette"],"unit":"St","unitQuantityString":"6","masterID":"07387580","indicationRanges":["Antiallergika","H1-Antihistaminika (Interna)","Kombinationen, corticoidfrei"],"ratingCount":40,"averageRating":4.73,"attributes":["apothekenpflichtig","Arzneimittel"],"prescriptionMedicine":false,"price":359,"listPrice":643,"netRetailPrice":309,"priceFormatted":"€ 3,59","listPriceFormatted":"€ 6,43","potency":"","ifap":"Das Präparat ist ein Mittel zur Anwendung bei allergischem Schnupfen mit verstopfter Nase. Es wird angewendet zur symptomatischen Therapie der allergischen Rhinitis (allergischer Schnupfen), wenn diese mit Verstopfung der Nase einhergeht. ","image":"https://cdn.shop-apotheke.com/images/reactine-duo-retardtabletten-retard-tabletten-D07387580-p1.jpg","hasImage":true,"deeplink":"arzneimittel/7387580/reactine-duo-retardtabletten.htm","applicablePromotions":"","variantDetails":"07387580|07387580|44|6 St|359|arzneimittel/7387580/reactine-duo-retardtabletten.htm|product.stockStatus.available","stockStatus":"","stockStatusReason":"product.stockStatus.available","inStock":true,"pricePerUnit":"","discountInPercent":44,"created":1445163919000,"lastChanged":1598612941000,"ratingsLink":"/produktbewertungen/7387580/reactine-duo-retardtabletten.htm","ean":"","RPMultiplier":1,"ribbonText":"","primaryCategory":["Die Online-Apotheke für Deutschland","Die Online-Apotheke für Deutschland/Arzneimittel & weitere Produkte ","Die Online-Apotheke für Deutschland/Arzneimittel & weitere Produkte /Allergie & Asthma","Die Online-Apotheke für Deutschland/Arzneimittel & weitere Produkte /Allergie & Asthma/Allergiemittel zum Einnehmen"],"topsellerCountBucket":11,"filterAttributes":[],"filterRating":0.27,"packSize":"6 St","variants":[{"id":"07387580","text":"Schnell wirksam und gut verträglich","webDetailPath":"arzneimittel/7387580/reactine-duo-retardtabletten.htm","stock":"product.stockStatus.available","active":true,"discount":"44","retailPrice":"359","listPrice":"643","packSize":"6 St","nowProductGroup":"nextday","attributes":["apothekenpflichtig","Arzneimittel"],"productName":"REACTINE duo® Retardtabletten","pricePerUnit":"","imageUrl":"https://cdn.shop-apotheke.com/images/reactine-duo-retardtabletten-retard-tabletten-D07387580-p1.jpg","pharmaForm":"Retard-Tabletten","ribbonText":"","RPMultiplier":"1"}],"master":true,"marketplace":true,"nowProductGroup":"nextday","notOnStockMessage":"","stockStatusColor":"green","categoryCodes":["csd00001","csd00010","csd00011","root","catalogs","main","landingpages","csd02995","csd03290","csd03339","csd03987","csd03988","csd03340","csd03344","csd03939"],"prices":{"listPrice":{"amount":6.43,"net":5.54,"currency":"EUR","info":{"index":1,"text":"AVP / UVP"}},"retailPrice":{"amount":3.59,"net":3.09,"currency":"EUR","info":{"index":1,"text":"AVP / UVP"}}},"calculatedRatingRanking":3.49,"objectID":"07387580","_highlightResult":{"activeSubstances":[{"value":"Cetirizin dihydrochlorid","matchLevel":"none","matchedWords":[]},{"value":"Pseudoephedrin hydrochlorid (retardiert)","matchLevel":"none","matchedWords":[]}]},"_rankingInfo":{"nbTypos":0,"firstMatchedWord":0,"proximityDistance":0,"userScore":202,"geoDistance":0,"geoPrecision":1,"nbExactWords":0,"words":1,"filters":1,"personalization":{"score":0,"rankingScore":0,"filtersScore":0,"textualRelevanceBucket":1,"initialPosition":198,"newPosition":198}}},{"brandCode":"","pzn":"16156069","productName":"Remifemin ® Plus Johanniskraut","secondaryCategories":["Frauengesundheit","Wechseljahre","Geschenke für Sie & Ihn","Geschenke für Sie","Specials","Muttertags-Special","Valentinstag-Special","Valentinstagsgeschenke für Frauen","Oster-Special","Geschenke für Sie","Redirects","Geschenke für die Dame","Muttertags-Special","Muttertags-Geschenke"],"manufacturer":"SCHAPER & BRÜMMER GmbH & Co. KG","pharmaForm":"Filmtabletten","brand":"","brandIntern":"remifemin®","subBrandIntern":"","activeSubstances":["Johanniskraut-Trockenextrakt (3,5-6:1); Auszugsmittel: Ethanol 60% (V/V)","Traubensilberkerzewurzelstock-Trockenextrakt (6-11:1); Auszugsmittel: Isopropanol 40% (V/V)"],"additiveSubstances":["Eisen(III)-oxidhydrat, schwarz","Xanthan gummi","Siliciumdioxid, hochdisperses","Cellulose, mikrokristalline","Glycerol dibehenat","Lecithin (Sojabohne)","Lactose","Lactose-1-Wasser","Poly(vinylalkohol)","Titandioxid","Indigocarmin","Talkum"],"additiveSubstancesHtml":"<ul><li>Eisen(III)-oxidhydrat, schwarz</li><li>Xanthan gummi</li><li>Siliciumdioxid, hochdisperses</li><li>Cellulose, mikrokristalline</li><li>Glycerol dibehenat</li><li>Lecithin (Sojabohne)</li><li>Lactose</li><li>Lactose-1-Wasser</li><li>Poly(vinylalkohol)</li><li>Titandioxid</li><li>Indigocarmin</li><li>Talkum</li></ul>","descriptionShort":"Für Frauen in den Wechseljahren ","keywords":[],"unit":"St","unitQuantityString":"180","masterID":"11517203","indicationRanges":["Gynäkologika/ Vaginaltherapeutika","Phytopharmaka","Behandlung klimakterischer Beschwerden"],"ratingCount":61,"averageRating":4.72,"attributes":["apothekenpflichtig","pflanzlich","Arzneimittel"],"prescriptionMedicine":false,"price":3042,"listPrice":4278,"netRetailPrice":2622,"priceFormatted":"€ 30,42","listPriceFormatted":"€ 42,78","potency":"","ifap":"Dieses Präparat ist ein pflanzliches Arzneimittel zur Linderung von Wechseljahresbeschwerden. Es wird angewendet in den Wechseljahren zur Linderung von Hitzewallungen und übermäßigem Schwitzen, wenn diese Symptome mit zusätzlichen psychischen Wechseljahresbeschwerden wie z.B. Verstimmungszuständen, Nervosität und Reizbarkeit einhergehen. ","image":"https://cdn.shop-apotheke.com/images/remifemin-plus-johanniskraut-filmtabletten-D16156069-p1.jpg","hasImage":true,"deeplink":"arzneimittel/16156069/remifemin-plus-johanniskraut.htm","applicablePromotions":"","variantDetails":"11517203|16156069|29|180 St|3042|arzneimittel/16156069/remifemin-plus-johanniskraut.htm|product.stockStatus.available","stockStatus":"","stockStatusReason":"product.stockStatus.available","inStock":true,"pricePerUnit":"","discountInPercent":29,"created":1578914299000,"lastChanged":1598598490000,"ratingsLink":"/produktbewertungen/16156069/remifemin-plus-johanniskraut.htm","ean":"","RPMultiplier":1,"ribbonText":"","primaryCategory":["Die Online-Apotheke für Deutschland","Die Online-Apotheke für Deutschland/Homöopathie & Naturprodukte","Die Online-Apotheke für Deutschland/Homöopathie & Naturprodukte/Anwendungsgebiete","Die Online-Apotheke für Deutschland/Homöopathie & Naturprodukte/Anwendungsgebiete/Pflanzlich","Die Online-Apotheke für Deutschland/Homöopathie & Naturprodukte/Anwendungsgebiete/Pflanzlich/Wechseljahre"],"topsellerCountBucket":11,"filterAttributes":["pflanzlich"],"filterRating":0.28,"packSize":"180 St","variants":[{"id":"11517203","text":"Zur Anwendung bei Beschwerden in den Wechseljahren","webDetailPath":"arzneimittel/11517203/remifemin-plus.htm","stock":"product.stockStatus.available","active":true,"discount":"33","retailPrice":"1172","listPrice":"1752","packSize":"60 St","nowProductGroup":"sameday_nextday","attributes":["apothekenpflichtig","pflanzlich","Arzneimittel"],"productName":"remifemin® PLUS","pricePerUnit":"","imageUrl":"https://cdn.shop-apotheke.com/images/remifemin-plus-filmtabletten-D11517203-p1.jpg","pharmaForm":"Filmtabletten","ribbonText":"","RPMultiplier":"1"},{"id":"11517226","text":"Zur Anwendung bei Beschwerden in den Wechseljahren","webDetailPath":"arzneimittel/11517226/remifemin-plus.htm","stock":"product.stockStatus.available","active":false,"discount":"29","retailPrice":"1723","listPrice":"2434","packSize":"100 St","nowProductGroup":"sameday_nextday","attributes":["apothekenpflichtig","pflanzlich","Arzneimittel"],"productName":"remifemin® PLUS","pricePerUnit":"","imageUrl":"https://cdn.shop-apotheke.com/images/remifemin-plus-filmtabletten-D11517226-p1.jpg","pharmaForm":"Filmtabletten","ribbonText":"","RPMultiplier":"1"},{"id":"16156069","text":"Für Frauen in den Wechseljahren ","webDetailPath":"arzneimittel/16156069/remifemin-plus-johanniskraut.htm","stock":"product.stockStatus.available","active":false,"discount":"29","retailPrice":"3042","listPrice":"4278","packSize":"180 St","nowProductGroup":"sameday_nextday","attributes":["apothekenpflichtig","pflanzlich","Arzneimittel"],"productName":"Remifemin ® Plus Johanniskraut","pricePerUnit":"","imageUrl":"https://cdn.shop-apotheke.com/images/remifemin-plus-johanniskraut-filmtabletten-D16156069-p1.jpg","pharmaForm":"Filmtabletten","ribbonText":"","RPMultiplier":"1"}],"master":false,"marketplace":true,"nowProductGroup":"sameday_nextday","notOnStockMessage":"","stockStatusColor":"green","categoryCodes":["csd00850","csd00851","csd00884","csd00911","csd00001","csd00072","csd00076","csd02320","csd01439","csd01434","csd01450","csd02352","csd02369","csd02764","csd01447","csd02765","csd01435","csd02959","csd03055"],"prices":{"listPrice":{"amount":42.78,"net":36.88,"currency":"EUR","info":{"index":1,"text":"AVP / UVP"}},"retailPrice":{"amount":30.42,"net":26.22,"currency":"EUR","info":{"index":1,"text":"AVP / UVP"}}},"calculatedRatingRanking":3.72,"objectID":"16156069","_highlightResult":{"activeSubstances":[{"value":"Johanniskraut-Trockenextrakt (3,5-6:1); <ais-highlight-0000000000>A</ais-highlight-0000000000>uszugsmittel: Ethanol 60% (V/V)","matchLevel":"full","fullyHighlighted":false,"matchedWords":["a"]},{"value":"Traubensilberkerzewurzelstock-Trockenextrakt (6-11:1); <ais-highlight-0000000000>A</ais-highlight-0000000000>uszugsmittel: Isopropanol 40% (V/V)","matchLevel":"full","fullyHighlighted":false,"matchedWords":["a"]}]},"_rankingInfo":{"nbTypos":0,"firstMatchedWord":0,"proximityDistance":0,"userScore":201,"geoDistance":0,"geoPrecision":1,"nbExactWords":0,"words":1,"filters":1,"personalization":{"score":0,"rankingScore":0,"filtersScore":0,"textualRelevanceBucket":1,"initialPosition":199,"newPosition":199}}},{"brandCode":"","pzn":"14352754","productName":"Keltican® forte","secondaryCategories":["Diabetes","Diabetische Neuropathie","Schmerzen","Rückenschmerzen","Muskeln, Knochen & Gelenke","Gelenkschmerzen","UNSERE ADVENTS-ÜBERASCHUNG EXKLUSIV FÜR UNSERE BESTEN KUNDEN.","Advent 3","Landingpages","SHOP APOTHEKE NOW!","Healthy Deals","RedPoints-Aktion"],"manufacturer":"Trommsdorff GmbH & Co. KG","pharmaForm":"Kapseln","brand":"","brandIntern":"Keltican®","subBrandIntern":"","activeSubstances":["Folsäure","Cyanocobalamin","Uridin 5'-monophosphat, Dinatriumsalz"],"additiveSubstances":["Hypromellose","Siliciumdioxid","Cellulose","Speisefettsäuren, Magnesiumsalze","Eisen(III)-oxid"],"additiveSubstancesHtml":"<ul><li>Hypromellose</li><li>Siliciumdioxid</li><li>Cellulose</li><li>Speisefettsäuren, Magnesiumsalze</li><li>Eisen(III)-oxid</li></ul>","descriptionShort":"Zur diätetischen Behandlung von Wirbelsäulensyndromen","keywords":[],"unit":"St","unitQuantityString":"80","masterID":"01712257","indicationRanges":["Diätetika","Weitere","Sonstige"],"ratingCount":486,"averageRating":4.72,"attributes":["Lebensmittel"],"prescriptionMedicine":false,"price":5546,"listPrice":7158,"netRetailPrice":5282,"priceFormatted":"€ 55,46","listPriceFormatted":"€ 71,58","potency":"","ifap":"Keltican® forte ist ein diätetisches Lebensmittel für besondere medizinische Zwecke (ergänzende bilanzierte Diät) zur Behandlung von Wirbelsäulen-Syndromen, Neuralgien und Polyneuropathien. Die enthaltenen Nährstoffe Uridinmonophosphat, Vitamin B12 und Folsäure tragen zur Aktivierung körpereigener Reparaturvorgänge geschädigter Nerven bei.","image":"https://cdn.shop-apotheke.com/images/keltican-forte-kapseln-D14352754-p1.jpg","hasImage":true,"deeplink":"arzneimittel/14352754/keltican-forte.htm","applicablePromotions":"","variantDetails":"01712257|14352754|23|80 St|5546|arzneimittel/14352754/keltican-forte.htm|product.stockStatus.available","stockStatus":"","stockStatusReason":"product.stockStatus.available","inStock":true,"pricePerUnit":"","discountInPercent":23,"created":1542037864000,"lastChanged":1598572720000,"ratingsLink":"/produktbewertungen/14352754/keltican-forte.htm","ean":"4260083220436","RPMultiplier":1,"ribbonText":"","primaryCategory":["Die Online-Apotheke für Deutschland","Die Online-Apotheke für Deutschland/Arzneimittel & weitere Produkte ","Die Online-Apotheke für Deutschland/Arzneimittel & weitere Produkte /Schmerzen","Die Online-Apotheke für Deutschland/Arzneimittel & weitere Produkte /Schmerzen/Muskel- & Gelenkschmerzen"],"topsellerCountBucket":11,"filterAttributes":["Lebensmittel"],"filterRating":0.28,"packSize":"80 St","variants":[{"id":"01712257","text":"Zur diätetischen Behandlung von Wirbelsäulensyndromen","webDetailPath":"arzneimittel/1712257/keltican-forte.htm","stock":"product.stockStatus.available","active":true,"discount":"23","retailPrice":"2024","listPrice":"2644","packSize":"20 St","nowProductGroup":"nextday","attributes":["Lebensmittel"],"productName":"Keltican® forte","pricePerUnit":"","imageUrl":"https://cdn.shop-apotheke.com/images/keltican-forte-kapseln-D01712257-p1.jpg","pharmaForm":"Kapseln","ribbonText":"","RPMultiplier":"1"},{"id":"01712263","text":"Zur diätetischen Behandlung von Wirbelsäulensyndromen","webDetailPath":"arzneimittel/1712263/keltican-forte.htm","stock":"product.stockStatus.available","active":false,"discount":"21","retailPrice":"3236","listPrice":"4116","packSize":"40 St","nowProductGroup":"sameday_nextday","attributes":["Lebensmittel"],"productName":"Keltican® forte","pricePerUnit":"","imageUrl":"https://cdn.shop-apotheke.com/images/keltican-forte-kapseln-D01712263-p1.jpg","pharmaForm":"Kapseln","ribbonText":"","RPMultiplier":"1"},{"id":"14352754","text":"Zur diätetischen Behandlung von Wirbelsäulensyndromen","webDetailPath":"arzneimittel/14352754/keltican-forte.htm","stock":"product.stockStatus.available","active":false,"discount":"23","retailPrice":"5546","listPrice":"7158","packSize":"80 St","nowProductGroup":"sameday_nextday","attributes":["Lebensmittel"],"productName":"Keltican® forte","pricePerUnit":"","imageUrl":"https://cdn.shop-apotheke.com/images/keltican-forte-kapseln-D14352754-p1.jpg","pharmaForm":"Kapseln","ribbonText":"","RPMultiplier":"1"},{"id":"08105322","text":"Zur diätetischen Behandlung von Wirbelsäulensyndromen","webDetailPath":"arzneimittel/8105322/keltican-forte.htm","stock":"product.stockStatus.available","active":false,"discount":"29","retailPrice":"10401","listPrice":"14590","packSize":"2x80 St","nowProductGroup":"sameday_nextday","attributes":["Lebensmittel"],"productName":"Keltican® forte ","pricePerUnit":"","imageUrl":"https://cdn.shop-apotheke.com/images/keltican-forte-kapseln-D08105322-p1.jpg","pharmaForm":"Kapseln","ribbonText":"","RPMultiplier":"1"}],"master":false,"marketplace":true,"nowProductGroup":"sameday_nextday","notOnStockMessage":"","stockStatusColor":"green","categoryCodes":["csd00001","csd00269","csd00276","csd00048","csd00052","csd00281","csd00263","csd01121","csd01434","csd02968","csd03288","root","catalogs","main","landingpages","csd03339","csd03646","csd03644"],"prices":{"listPrice":{"amount":71.58,"net":68.17,"currency":"EUR","info":{"index":1,"text":"AVP / UVP"}},"retailPrice":{"amount":55.46,"net":52.82,"currency":"EUR","info":{"index":1,"text":"AVP / UVP"}}},"calculatedRatingRanking":4.51,"objectID":"14352754","_highlightResult":{"activeSubstances":[{"value":"Folsäure","matchLevel":"none","matchedWords":[]},{"value":"Cyanocobalamin","matchLevel":"none","matchedWords":[]},{"value":"Uridin 5'-monophosphat, Dinatriumsalz","matchLevel":"none","matchedWords":[]}]},"_rankingInfo":{"nbTypos":0,"firstMatchedWord":0,"proximityDistance":0,"userScore":300,"geoDistance":0,"geoPrecision":1,"nbExactWords":0,"words":1,"filters":1,"personalization":{"score":0,"rankingScore":0,"filtersScore":0,"textualRelevanceBucket":1,"initialPosition":200,"newPosition":200}}},{"brandCode":"","pzn":"11697286","productName":"MometaHEXAL® Heuschnupfenspray","secondaryCategories":["Allergien","Nasensprays","HEXAL","Allergie","Landingpages","Allergie-Topseller","Landingpages","Beigaben Aktionen","Black Friday®","40% und mehr","Landingpages","Topseller Allergie","Produkt-Promotions CRM","SHOP APOTHEKE NOW! Allergie","Landingpages","Weltgesundheitstag: Hausapotheke","Landingpages","Mai Aktion","Landingpages","Mai Kracher"],"manufacturer":"Hexal AG","pharmaForm":"Nasenspray","brand":"","brandIntern":"HEXAL®","subBrandIntern":"MometaHEXAL®","activeSubstances":["Mometason furoat-1-Wasser"],"additiveSubstances":["Wasser für Injektionszwecke","Benzalkonium chlorid","Cellulose, mikrokristalline","Polysorbat 80 (pflanzlich)","Natriumcitrat-2-Wasser","Carmellose natrium","Citronensäure monohydrat","Glycerol"],"additiveSubstancesHtml":"<ul><li>Wasser für Injektionszwecke</li><li>Benzalkonium chlorid</li><li>Cellulose, mikrokristalline</li><li>Polysorbat 80 (pflanzlich)</li><li>Natriumcitrat-2-Wasser</li><li>Carmellose natrium</li><li>Citronensäure monohydrat</li><li>Glycerol</li></ul>","descriptionShort":"Zur Anwendung bei Erwachsenen zur symptomatischen Behandlung einer saisonalen allergischen Rhinitis","keywords":["sprühstoß","niesen","jucken"],"unit":"g","unitQuantityString":"18","masterID":"11077448","indicationRanges":["Atemwegskrankheiten und grippale Infekte","Rhinologika, lokale Anwendung","Heuschnupfenmittel, Corticoid-haltig"],"ratingCount":165,"averageRating":4.72,"attributes":["apothekenpflichtig","Arzneimittel"],"prescriptionMedicine":false,"price":1119,"listPrice":1946,"netRetailPrice":965,"priceFormatted":"€ 11,19","listPriceFormatted":"€ 19,46","potency":"","ifap":"Das Nasenspray enthält Mometasonfuroat, einen Stoff aus der Gruppe der sogenannten Kortikosteroide. Wenn Mometasonfuroat in die Nase gesprüht wird, kann dies helfen eine Entzündung (Schwellung und Reizung der Nase), Niesen, Jucken und eine verstopfte oder laufende Nase zu lindern. Das Arzneimittel wird bei Erwachsenen zur symptomatischen Behandlung der Beschwerden eines Heuschnupfens (saisonale allergische Rhinitis), nach der Erstdiagnose eines Heuschnupfens (saisonale allergische Rhinitis) durch einen Arzt, angewendet. Heuschnupfen, der zu bestimmten Zeiten im Jahr auftritt, ist eine allergische Reaktion, die durch das Einatmen von Pollen von Bäumen, Gräsern und auch Schimmel und Pilzsporen hervorgerufen wird. Das Arzneimittel vermindert die Schwellung und Reizung in Ihrer Nase und lindert dadurch Niesen, Jucken und eine verstopfte oder laufende Nase, die durch Heuschnupfen hervorgerufen wurden.","image":"https://cdn.shop-apotheke.com/images/mometahexal-heuschnupfenspray-nasenspray-D11697286-p1.jpg","hasImage":true,"deeplink":"arzneimittel/11697286/mometahexal-heuschnupfenspray.htm","applicablePromotions":"","variantDetails":"11077448|11697286|42|18 g|1119|arzneimittel/11697286/mometahexal-heuschnupfenspray.htm|product.stockStatus.available","stockStatus":"","stockStatusReason":"product.stockStatus.available","inStock":true,"pricePerUnit":"62,17 € / 100 g","discountInPercent":42,"created":1478687705000,"lastChanged":1598572171000,"ratingsLink":"/produktbewertungen/11697286/mometahexal-heuschnupfenspray.htm","ean":"","RPMultiplier":1,"ribbonText":"","primaryCategory":["Die Online-Apotheke für Deutschland","Die Online-Apotheke für Deutschland/Arzneimittel & weitere Produkte ","Die Online-Apotheke für Deutschland/Arzneimittel & weitere Produkte /Allergie & Asthma","Die Online-Apotheke für Deutschland/Arzneimittel & weitere Produkte /Allergie & Asthma/Allergischer Schnupfen"],"topsellerCountBucket":11,"filterAttributes":[],"filterRating":0.28,"packSize":"18 g","variants":[{"id":"11077448","text":"Zur Anwendung bei Erwachsenen zur symptomatischen Behandlung einer saisonalen allergischen Rhinitis","webDetailPath":"arzneimittel/11077448/mometahexal-heuschnupfenspray.htm","stock":"product.stockStatus.available","active":true,"discount":"39","retailPrice":"729","listPrice":"1189","packSize":"10 g","nowProductGroup":"sameday_nextday","attributes":["apothekenpflichtig","Arzneimittel"],"productName":"MometaHEXAL® Heuschnupfenspray","pricePerUnit":"72,90 € / 100 g","imageUrl":"https://cdn.shop-apotheke.com/images/mometahexal-heuschnupfenspray-nasenspray-D11077448-p1.jpg","pharmaForm":"Nasenspray","ribbonText":"","RPMultiplier":"1"},{"id":"11697286","text":"Zur Anwendung bei Erwachsenen zur symptomatischen Behandlung einer saisonalen allergischen Rhinitis","webDetailPath":"arzneimittel/11697286/mometahexal-heuschnupfenspray.htm","stock":"product.stockStatus.available","active":false,"discount":"42","retailPrice":"1119","listPrice":"1946","packSize":"18 g","nowProductGroup":"nextday","attributes":["apothekenpflichtig","Arzneimittel"],"productName":"MometaHEXAL® Heuschnupfenspray","pricePerUnit":"62,17 € / 100 g","imageUrl":"https://cdn.shop-apotheke.com/images/mometahexal-heuschnupfenspray-nasenspray-D11697286-p1.jpg","pharmaForm":"Nasenspray","ribbonText":"","RPMultiplier":"1"}],"master":false,"marketplace":false,"nowProductGroup":"nextday","notOnStockMessage":"","stockStatusColor":"green","categoryCodes":["csd00001","csd00010","csd00015","csd01434","csd02271","csd02272","root","catalogs","main","themeshop","csd02356","csd02359","landingpages","csd02995","csd03146","csd03290","csd03987","csd03988","csd03340","csd03939","csd03995","csd03997","brandshop","csd2110","csd2112"],"prices":{"listPrice":{"amount":19.46,"net":16.78,"currency":"EUR","info":{"index":1,"text":"AVP / UVP"}},"retailPrice":{"amount":11.19,"net":9.65,"currency":"EUR","info":{"index":1,"text":"AVP / UVP"}}},"calculatedRatingRanking":4.2,"objectID":"11697286","_highlightResult":{"activeSubstances":[{"value":"Mometason furoat-1-Wasser","matchLevel":"none","matchedWords":[]}]},"_rankingInfo":{"nbTypos":0,"firstMatchedWord":0,"proximityDistance":0,"userScore":299,"geoDistance":0,"geoPrecision":1,"nbExactWords":0,"words":1,"filters":1,"personalization":{"score":0,"rankingScore":0,"filtersScore":0,"textualRelevanceBucket":1,"initialPosition":201,"newPosition":201}}},{"brandCode":"csd2856","pzn":"07567371","productName":"Perenterol® forte 250 mg im Blister","secondaryCategories":["Ratgeber","Durchfall","Black Friday®","30% und mehr","Black Friday®","Wohl durch den Winter","Landingpages","40 Reiseknüller","Landingpages","Weltgesundheitstag: Hausapotheke","Landingpages","Healthy Deals App-Angebote","Healthy Deals","Healthy Deals RedPoints","Healthy Deals","RedPoints-Aktion"],"manufacturer":"MEDICE Arzneimittel Pütter GmbH&Co.KG","pharmaForm":"Hartkapseln","brand":"Perenterol forte","brandIntern":"Perenterol®","subBrandIntern":"forte","activeSubstances":["Saccharomyces boulardii"],"additiveSubstances":["Magnesium stearat","Gelatine","Natriumdodecylsulfat","Lactose-1-Wasser","Titandioxid"],"additiveSubstancesHtml":"<ul><li>Magnesium stearat</li><li>Gelatine</li><li>Natriumdodecylsulfat</li><li>Lactose-1-Wasser</li><li>Titandioxid</li></ul>","descriptionShort":"Fit und gut geschützt vor Durchfall - perfekt für die Reiseapotheke","keywords":["Durchfall","Reisedurchfall","Diarrhö"],"unit":"St","unitQuantityString":"30","masterID":"04796852","indicationRanges":["Dermatotherapeutika","Organe/Mikroorganismen","Sonstige","Magen-Darm-wirksame Pharmaka","Organe/Mikroorganismen","Antidiarrhoika"],"ratingCount":117,"averageRating":4.72,"attributes":["apothekenpflichtig","Arzneimittel"],"prescriptionMedicine":false,"price":1587,"listPrice":2146,"netRetailPrice":1368,"priceFormatted":"€ 15,87","listPriceFormatted":"€ 21,46","potency":"","ifap":"Das Präparat ist ein Arzneimittel mit 250 mg Trockenhefe zur Einnahme bei Durchfall und bei Akne. Das Arzneimittel wird angewendet zur:Behandlung der Beschwerden bei akuten Durchfallerkrankungen. Vorbeugung und Behandlung der Beschwerden von Reisedurchfällen sowie Durchfällen unter Sondenernährung. begleitenden Behandlung bei länger bestehenden Formen der Akne.","image":"https://cdn.shop-apotheke.com/images/perenterol-forte-250-mg-im-blister-hartkapseln-D07567371-p1.jpg","hasImage":true,"deeplink":"arzneimittel/7567371/perenterol-forte-250-mg-im-blister.htm","applicablePromotions":"","variantDetails":"04796852|07567371|26|30 St|1587|arzneimittel/7567371/perenterol-forte-250-mg-im-blister.htm|product.stockStatus.available","stockStatus":"","stockStatusReason":"product.stockStatus.available","inStock":true,"pricePerUnit":"","discountInPercent":26,"created":1445169037000,"lastChanged":1598570732000,"ratingsLink":"/produktbewertungen/7567371/perenterol-forte-250-mg-im-blister.htm","ean":"","RPMultiplier":1,"ribbonText":"","primaryCategory":["Die Online-Apotheke für Deutschland","Die Online-Apotheke für Deutschland/Arzneimittel & weitere Produkte ","Die Online-Apotheke für Deutschland/Arzneimittel & weitere Produkte /Magen & Darm","Die Online-Apotheke für Deutschland/Arzneimittel & weitere Produkte /Magen & Darm/Durchfall & Elektrolytersatz"],"topsellerCountBucket":11,"filterAttributes":[],"filterRating":0.28,"packSize":"30 St","variants":[{"id":"04796852","text":"Fit und gut geschützt vor Durchfall","webDetailPath":"arzneimittel/4796852/perenterol-forte-250-mg.htm","stock":"product.stockStatus.available","active":true,"discount":"25","retailPrice":"658","listPrice":"883","packSize":"10 St","nowProductGroup":"sameday_nextday","attributes":["apothekenpflichtig","Arzneimittel"],"productName":"Perenterol® forte 250 mg","pricePerUnit":"","imageUrl":"https://cdn.shop-apotheke.com/images/perenterol-forte-250-mg-hartkapseln-D04796852-p1.jpg","pharmaForm":"Hartkapseln","ribbonText":"","RPMultiplier":"1"},{"id":"04796869","text":"Fit und gut geschützt vor Durchfall","webDetailPath":"arzneimittel/4796869/perenterol-forte-250-mg.htm","stock":"product.stockStatus.available","active":false,"discount":"26","retailPrice":"1061","listPrice":"1427","packSize":"20 St","nowProductGroup":"sameday_nextday","attributes":["apothekenpflichtig","Arzneimittel"],"productName":"Perenterol® forte 250 mg","pricePerUnit":"","imageUrl":"https://cdn.shop-apotheke.com/images/perenterol-forte-250-mg-hartkapseln-D04796869-p1.jpg","pharmaForm":"Hartkapseln","ribbonText":"","RPMultiplier":"1"},{"id":"07567371","text":"Fit und gut geschützt vor Durchfall - perfekt für die Reiseapotheke","webDetailPath":"arzneimittel/7567371/perenterol-forte-250-mg-im-blister.htm","stock":"product.stockStatus.available","active":false,"discount":"26","retailPrice":"1587","listPrice":"2146","packSize":"30 St","nowProductGroup":"sameday_nextday","attributes":["apothekenpflichtig","Arzneimittel"],"productName":"Perenterol® forte 250 mg im Blister","pricePerUnit":"","imageUrl":"https://cdn.shop-apotheke.com/images/perenterol-forte-250-mg-im-blister-hartkapseln-D07567371-p1.jpg","pharmaForm":"Hartkapseln","ribbonText":"","RPMultiplier":"1"},{"id":"04796875","text":"Fit und gut geschützt vor Durchfall","webDetailPath":"arzneimittel/4796875/perenterol-forte-250-mg.htm","stock":"product.stockStatus.available","active":false,"discount":"28","retailPrice":"2374","listPrice":"3305","packSize":"50 St","nowProductGroup":"sameday_nextday","attributes":["apothekenpflichtig","Arzneimittel"],"productName":"Perenterol® forte 250 mg + 10 ml Perenterol® Hand-Desinfektionsspray GRATIS","pricePerUnit":"","imageUrl":"https://cdn.shop-apotheke.com/images/perenterol-forte-250-mg-hartkapseln-D04796875-p2.jpg","pharmaForm":"Hartkapseln","ribbonText":"Aktion","RPMultiplier":"1"},{"id":"04508959","text":"Fit und gut geschützt vor Durchfall","webDetailPath":"arzneimittel/4508959/perenterol-forte-250-mg.htm","stock":"product.stockStatus.available","active":false,"discount":"27","retailPrice":"4472","listPrice":"6163","packSize":"100 St","nowProductGroup":"sameday_nextday","attributes":["apothekenpflichtig","Arzneimittel"],"productName":"Perenterol® forte 250 mg","pricePerUnit":"","imageUrl":"https://cdn.shop-apotheke.com/images/perenterol-forte-250-mg-hartkapseln-D04508959-p1.jpg","pharmaForm":"Hartkapseln","ribbonText":"","RPMultiplier":"1"}],"master":false,"marketplace":false,"nowProductGroup":"sameday_nextday","notOnStockMessage":"","stockStatusColor":"green","categoryCodes":["csd00001","csd00219","csd00222","root","catalogs","main","themeshop","csd01366","csd01434","csd02271","csd02859","csd02968","csd03288","landingpages","csd03461","csd03572","csd03668","csd03743","csd03939"],"prices":{"listPrice":{"amount":21.46,"net":18.5,"currency":"EUR","info":{"index":1,"text":"AVP / UVP"}},"retailPrice":{"amount":15.87,"net":13.68,"currency":"EUR","info":{"index":1,"text":"AVP / UVP"}}},"calculatedRatingRanking":4.06,"objectID":"07567371","_highlightResult":{"activeSubstances":[{"value":"Saccharomyces boulardii","matchLevel":"none","matchedWords":[]}]},"_rankingInfo":{"nbTypos":0,"firstMatchedWord":0,"proximityDistance":0,"userScore":298,"geoDistance":0,"geoPrecision":1,"nbExactWords":0,"words":1,"filters":1,"personalization":{"score":0,"rankingScore":0,"filtersScore":0,"textualRelevanceBucket":1,"initialPosition":202,"newPosition":202}}},{"brandCode":"csd2829","pzn":"02563836","productName":"Lefax® extra Kautabletten","secondaryCategories":["Black Friday®","40% und mehr","Landingpages","NOW! Reiseapotheke","Landingpages","Topseller","Black Friday®","Wohl durch den Winter","Landingpages","Ihre Adventsknüller am Samstag","Landingpages","Weltgesundheitstag: Hausapotheke","Landingpages","Top Kunden Sommer","Landingpages","SHOP APOTHEKE NOW!","Healthy Deals","Healthy Deals Gutes Bauchgefühl","Landingpages","Healthy Deals App-Angebote"],"manufacturer":"Bayer Vital GmbH","pharmaForm":"Kautabletten","brand":"Lefax extra","brandIntern":"Lefax®","subBrandIntern":"extra","activeSubstances":["Simeticon"],"additiveSubstances":["Cellulose, mikrokristalline","Glucose","Magnesium stearat (pflanzlich)","Kümmelöl","Bitterfenchelöl","Pfefferminzöl","Hyetellose","Saccharose"],"additiveSubstancesHtml":"<ul><li>Cellulose, mikrokristalline</li><li>Glucose</li><li>Magnesium stearat (pflanzlich)</li><li>Kümmelöl</li><li>Bitterfenchelöl</li><li>Pfefferminzöl</li><li>Hyetellose</li><li>Saccharose</li></ul>","descriptionShort":"Schnell und zuverlässig gasbedingte Beschwerden wie Blähungen und Völlegefühl","keywords":[],"unit":"St","unitQuantityString":"50","masterID":"02563813","indicationRanges":["Diagnostika","Diagnosebegleitmedikation","Entschäumer","Magen-Darm-wirksame Pharmaka","Karminativa","Karminativa, enzym- und azidafrei"],"ratingCount":86,"averageRating":4.72,"attributes":["apothekenpflichtig","Arzneimittel"],"prescriptionMedicine":false,"price":969,"listPrice":1364,"netRetailPrice":835,"priceFormatted":"€ 9,69","listPriceFormatted":"€ 13,64","potency":"","ifap":"Das Arzneimittel ist ein entschäumend wirkendes Arzneimittel. Es wird angewendet:Zur symptomatischen Behandlung vongasbedingten Magen-Darm-Beschwerden (Meteorismus), z.B. Blähungen, Blähungsschmerzen, Spannungsgefühl und verstärkter Gasbildung nach Operationen funktionellen Beschwerden des oberen Magen-Darm-Traktes (funktionelle Dyspepsie) wie Völlegefühl, Schmerzen/Druckgefühl im Oberbauch, Aufstoßen, Übelkeit, vorzeitiges Sättigungsgefühl, Brechreiz. Zur Vorbereitung diagnostischer Untersuchungen im Bauchbereich zur Reduzierung von Gasschatten (Sonographie, Röntgen).","image":"https://cdn.shop-apotheke.com/images/lefax-extra-kautabletten-kautabletten-D02563836-p1.jpg","hasImage":true,"deeplink":"arzneimittel/2563836/lefax-extra-kautabletten.htm","applicablePromotions":"","variantDetails":"02563813|02563836|29|50 St|969|arzneimittel/2563836/lefax-extra-kautabletten.htm|product.stockStatus.available","stockStatus":"","stockStatusReason":"product.stockStatus.available","inStock":true,"pricePerUnit":"","discountInPercent":29,"created":1445166331000,"lastChanged":1598569151000,"ratingsLink":"/produktbewertungen/2563836/lefax-extra-kautabletten.htm","ean":"","RPMultiplier":1,"ribbonText":"","primaryCategory":["Die Online-Apotheke für Deutschland","Die Online-Apotheke für Deutschland/Arzneimittel & weitere Produkte ","Die Online-Apotheke für Deutschland/Arzneimittel & weitere Produkte /Magen & Darm","Die Online-Apotheke für Deutschland/Arzneimittel & weitere Produkte /Magen & Darm/Blähungen & Krämpfe"],"topsellerCountBucket":11,"filterAttributes":[],"filterRating":0.28,"packSize":"50 St","variants":[{"id":"02563813","text":"Schnell und zuverlässig bei gasbedingten Beschwerden wie Blähungen und Völlegefühl","webDetailPath":"arzneimittel/2563813/lefax-extra-kautabletten.htm","stock":"product.stockStatus.available","active":true,"discount":"25","retailPrice":"510","listPrice":"682","packSize":"20 St","nowProductGroup":"sameday_nextday","attributes":["apothekenpflichtig","Arzneimittel"],"productName":"Lefax® extra Kautabletten ","pricePerUnit":"","imageUrl":"https://cdn.shop-apotheke.com/images/lefax-extra-kautabletten-kautabletten-D02563813-p1.jpg","pharmaForm":"Kautabletten","ribbonText":"","RPMultiplier":"1"},{"id":"02563836","text":"Schnell und zuverlässig gasbedingte Beschwerden wie Blähungen und Völlegefühl","webDetailPath":"arzneimittel/2563836/lefax-extra-kautabletten.htm","stock":"product.stockStatus.available","active":false,"discount":"29","retailPrice":"969","listPrice":"1364","packSize":"50 St","nowProductGroup":"sameday_nextday","attributes":["apothekenpflichtig","Arzneimittel"],"productName":"Lefax® extra Kautabletten","pricePerUnit":"","imageUrl":"https://cdn.shop-apotheke.com/images/lefax-extra-kautabletten-kautabletten-D02563836-p1.jpg","pharmaForm":"Kautabletten","ribbonText":"","RPMultiplier":"1"}],"master":false,"marketplace":true,"nowProductGroup":"sameday_nextday","notOnStockMessage":"","stockStatusColor":"green","categoryCodes":["csd00001","csd00219","csd00221","csd01434","csd02271","csd02272","root","catalogs","main","landingpages","csd03339","csd03461","csd03476","csd02968","csd03568","csd03574","csd03648","csd03668","csd03715","csd03939"],"prices":{"listPrice":{"amount":13.64,"net":11.76,"currency":"EUR","info":{"index":1,"text":"AVP / UVP"}},"retailPrice":{"amount":9.69,"net":8.35,"currency":"EUR","info":{"index":1,"text":"AVP / UVP"}}},"calculatedRatingRanking":3.9,"objectID":"02563836","_highlightResult":{"activeSubstances":[{"value":"Simeticon","matchLevel":"none","matchedWords":[]}]},"_rankingInfo":{"nbTypos":0,"firstMatchedWord":0,"proximityDistance":0,"userScore":297,"geoDistance":0,"geoPrecision":1,"nbExactWords":0,"words":1,"filters":1,"personalization":{"score":0,"rankingScore":0,"filtersScore":0,"textualRelevanceBucket":1,"initialPosition":203,"newPosition":203}}},{"brandCode":"csd02090","pzn":"04465138","productName":"Soventol® HydroCort 0,5 % 5 mg/g","secondaryCategories":["Allergie & Asthma","Allergische Hautreaktion","Reiseapotheke","Sonnenbrand, Insektenstichen & Allergien","Black Friday®","40% und mehr","Landingpages","Topseller Allergie","Produkt-Promotions CRM","SHOP APOTHEKE NOW! Allergie","Landingpages","SHOP APOTHEKE NOW!","Healthy Deals","Healthy Deals Reiseapotheke","Healthy Deals","Healthy Deals Aktionsprodukte","Landingpages","Insektenschutz & Sonnenbrand","Landingpages","RedPoints Sommeraktion","Landingpages","Sommerliche Erfrischung","Landingpages","Healthy Deals App-Angebote"],"manufacturer":"MEDICE Arzneimittel Pütter GmbH&Co.KG","pharmaForm":"Creme","brand":"Soventol","brandIntern":"Soventol®","subBrandIntern":"HydroCort","activeSubstances":["Hydrocortison"],"additiveSubstances":["Cetomacrogol 1000","Dinatrium edetat-2-Wasser","Paraffin, dünnflüssiges","Cetylstearylalkohol","Wachs, emulgierend","Wasser, gereinigtes","Vaselin, weißes","Propylenglycol","Sorbinsäure","Kalium sorbat","Phenoxyethanol"],"additiveSubstancesHtml":"<ul><li>Cetomacrogol 1000</li><li>Dinatrium edetat-2-Wasser</li><li>Paraffin, dünnflüssiges</li><li>Cetylstearylalkohol</li><li>Wachs, emulgierend</li><li>Wasser, gereinigtes</li><li>Vaselin, weißes</li><li>Propylenglycol</li><li>Sorbinsäure</li><li>Kalium sorbat</li><li>Phenoxyethanol</li></ul>","descriptionShort":"Zur Behandlung von Hauterkrankungen","keywords":["CortisonSalbe","cortison","kortison","cort","kort"],"unit":"g","unitQuantityString":"30","masterID":"04465121","indicationRanges":["Dermatotherapeutika","Lokale Corticoidtherapie","Monopräparate"],"ratingCount":35,"averageRating":4.71,"attributes":["apothekenpflichtig","Arzneimittel"],"prescriptionMedicine":false,"price":868,"listPrice":1291,"netRetailPrice":748,"priceFormatted":"€ 8,68","listPriceFormatted":"€ 12,91","potency":"","ifap":"Das Arzneimittel ist eine kortisonhaltige Creme zur Anwendung auf der Haut. Es wird angewendet zur Behandlung von Hauterkrankungen mit geringer Ausprägung, die auf eine äußerliche Behandlung mit schwach wirksamen Kortikosteroiden ansprechen.","image":"https://cdn.shop-apotheke.com/images/soventol-hydrocort-0-5-5-mg-g-creme-D04465138-p1.jpg","hasImage":true,"deeplink":"arzneimittel/4465138/soventol-hydrocort-0-5-5-mg-g.htm","applicablePromotions":"","variantDetails":"04465121|04465138|33|30 g|868|arzneimittel/4465138/soventol-hydrocort-0-5-5-mg-g.htm|product.stockStatus.available","stockStatus":"","stockStatusReason":"product.stockStatus.available","inStock":true,"pricePerUnit":"28,93 € / 100 g","discountInPercent":33,"created":1445175007000,"lastChanged":1598569835000,"ratingsLink":"/produktbewertungen/4465138/soventol-hydrocort-0-5-5-mg-g.htm","ean":"","RPMultiplier":1,"ribbonText":"","primaryCategory":["Die Online-Apotheke für Deutschland","Die Online-Apotheke für Deutschland/Arzneimittel & weitere Produkte ","Die Online-Apotheke für Deutschland/Arzneimittel & weitere Produkte /Haut, Haare & Nägel","Die Online-Apotheke für Deutschland/Arzneimittel & weitere Produkte /Haut, Haare & Nägel/Haut","Die Online-Apotheke für Deutschland/Arzneimittel & weitere Produkte /Haut, Haare & Nägel/Haut/Cortisonsalben"],"topsellerCountBucket":11,"filterAttributes":[],"filterRating":0.29,"packSize":"30 g","variants":[{"id":"04465121","text":"Zur Behandlung von Hauterkrankungen","webDetailPath":"arzneimittel/4465121/soventol-hydrocort-0-5-5-mg-g.htm","stock":"product.stockStatus.available","active":true,"discount":"30","retailPrice":"589","listPrice":"841","packSize":"15 g","nowProductGroup":"sameday_nextday","attributes":["apothekenpflichtig","Arzneimittel"],"productName":"Soventol® HydroCort 0,5 % 5 mg/g","pricePerUnit":"39,27 € / 100 g","imageUrl":"https://cdn.shop-apotheke.com/images/soventol-hydrocort-0-5-5-mg-g-creme-D04465121-p1.jpg","pharmaForm":"Creme","ribbonText":"","RPMultiplier":"1"},{"id":"04465138","text":"Zur Behandlung von Hauterkrankungen","webDetailPath":"arzneimittel/4465138/soventol-hydrocort-0-5-5-mg-g.htm","stock":"product.stockStatus.available","active":false,"discount":"33","retailPrice":"868","listPrice":"1291","packSize":"30 g","nowProductGroup":"sameday_nextday","attributes":["apothekenpflichtig","Arzneimittel"],"productName":"Soventol® HydroCort 0,5 % 5 mg/g","pricePerUnit":"28,93 € / 100 g","imageUrl":"https://cdn.shop-apotheke.com/images/soventol-hydrocort-0-5-5-mg-g-creme-D04465138-p1.jpg","pharmaForm":"Creme","ribbonText":"","RPMultiplier":"1"}],"master":false,"marketplace":false,"nowProductGroup":"sameday_nextday","notOnStockMessage":"","stockStatusColor":"green","categoryCodes":["csd00001","csd00144","csd00158","csd01045","csd00010","csd00014","csd00077","csd00116","csd01569","csd01434","csd02271","csd02272","root","catalogs","main","landingpages","csd03290","csd03339","csd03987","csd03988","csd03340","csd03461","csd02968","csd03569","csd03635","csd04004","csd04394","csd04411"],"prices":{"listPrice":{"amount":12.91,"net":11.13,"currency":"EUR","info":{"index":1,"text":"AVP / UVP"}},"retailPrice":{"amount":8.68,"net":7.48,"currency":"EUR","info":{"index":1,"text":"AVP / UVP"}}},"calculatedRatingRanking":3.41,"objectID":"04465138","_highlightResult":{"activeSubstances":[{"value":"Hydrocortison","matchLevel":"none","matchedWords":[]}]},"_rankingInfo":{"nbTypos":0,"firstMatchedWord":0,"proximityDistance":0,"userScore":296,"geoDistance":0,"geoPrecision":1,"nbExactWords":0,"words":1,"filters":1,"personalization":{"score":0,"rankingScore":0,"filtersScore":0,"textualRelevanceBucket":1,"initialPosition":204,"newPosition":204}}},{"brandCode":"csd2333","pzn":"00679629","productName":"Canesten® EXTRA Bifonazol Creme","secondaryCategories":["Landingpages","Canesten® Haut- und Fußgesundheit","Black Friday®","40% und mehr","Landingpages","SHOP APOTHEKE NOW!","Landingpages","Healthy Deals App-Angebote","Healthy Deals","Healthy Deals Aktionsprodukte","Landingpages","Sommerbeschwerden","Landingpages","RedPoints Sommeraktion","Landingpages","Aktion RED-Points"],"manufacturer":"Bayer Vital GmbH","pharmaForm":"Creme","brand":"Canesten EXTRA","brandIntern":"Canesten®","subBrandIntern":"EXTRA","activeSubstances":["Bifonazol"],"additiveSubstances":["Benzylalkohol","Cetylpalmitat","Cetylstearylalkohol","Wasser, gereinigtes","Octyldodecanol","Polysorbat 60","Sorbitan stearat"],"additiveSubstancesHtml":"<ul><li>Benzylalkohol</li><li>Cetylpalmitat</li><li>Cetylstearylalkohol</li><li>Wasser, gereinigtes</li><li>Octyldodecanol</li><li>Polysorbat 60</li><li>Sorbitan stearat</li></ul>","descriptionShort":"Zur Behandlung von Haut- und Fußpilzerkrankungen","keywords":["Fußpilz"],"unit":"g","unitQuantityString":"50","masterID":"00679612","indicationRanges":["Antimykotika","Externa","Synthetika: Imidazol- und Triazolderivate (Monopräparate)"],"ratingCount":92,"averageRating":4.71,"attributes":["apothekenpflichtig","Arzneimittel"],"prescriptionMedicine":false,"price":1480,"listPrice":2046,"netRetailPrice":1276,"priceFormatted":"€ 14,80","listPriceFormatted":"€ 20,46","potency":"","ifap":"Das Arzneimittel ist ein Mittel zur Behandlung von Pilzerkrankungen (Antimykotikum). Das Arzneimittel wird angewendet bei Infektionen der Haut, die durch Dermatophyten, Hefen, Schimmelpilze und andere Erreger wie z.B. Malassezia furfur oder Corynebacterium minutissimum hervorgerufen werden, wie z.B.:Mykosen der Haut und der Hautfalten (Tinea corporis und Tinea inguinalis) Mykosen zwischen Fingern und Zehen (Tinea pedis, Tinea manuum) Pityriasis versicolor oberflächliche Hefepilzerkrankungen (Candidosen) der Haut Zwergflechte (Erythrasma).","image":"https://cdn.shop-apotheke.com/images/canesten-extra-bifonazol-creme-creme-D00679629-p1.jpg","hasImage":true,"deeplink":"arzneimittel/679629/canesten-extra-bifonazol-creme.htm","applicablePromotions":"","variantDetails":"00679612|00679629|28|50 g|1480|arzneimittel/679629/canesten-extra-bifonazol-creme.htm|product.stockStatus.available","stockStatus":"","stockStatusReason":"product.stockStatus.available","inStock":true,"pricePerUnit":"29,60 € / 100 g","discountInPercent":28,"created":1445174747000,"lastChanged":1598568502000,"ratingsLink":"/produktbewertungen/679629/canesten-extra-bifonazol-creme.htm","ean":"","RPMultiplier":1,"ribbonText":"","primaryCategory":["Die Online-Apotheke für Deutschland","Die Online-Apotheke für Deutschland/Arzneimittel & weitere Produkte ","Die Online-Apotheke für Deutschland/Arzneimittel & weitere Produkte /Haut, Haare & Nägel","Die Online-Apotheke für Deutschland/Arzneimittel & weitere Produkte /Haut, Haare & Nägel/Haut","Die Online-Apotheke für Deutschland/Arzneimittel & weitere Produkte /Haut, Haare & Nägel/Haut/Pilzinfektion","Die Online-Apotheke für Deutschland/Arzneimittel & weitere Produkte /Haut, Haare & Nägel/Haut/Pilzinfektion/Haut- & Fußpilz"],"topsellerCountBucket":11,"filterAttributes":[],"filterRating":0.29,"packSize":"50 g","variants":[{"id":"00679612","text":"Zur Behandlung von Haut- und Fußpilzerkrankungen","webDetailPath":"arzneimittel/679612/canesten-extra-bifonazol-creme.htm","stock":"product.stockStatus.available","active":true,"discount":"29","retailPrice":"761","listPrice":"1071","packSize":"20 g","nowProductGroup":"sameday_nextday","attributes":["apothekenpflichtig","Arzneimittel"],"productName":"Canesten® EXTRA Bifonazol Creme","pricePerUnit":"38,05 € / 100 g","imageUrl":"https://cdn.shop-apotheke.com/images/canesten-extra-bifonazol-creme-creme-D00679612-p1.jpg","pharmaForm":"Creme","ribbonText":"","RPMultiplier":"1"},{"id":"00679629","text":"Zur Behandlung von Haut- und Fußpilzerkrankungen","webDetailPath":"arzneimittel/679629/canesten-extra-bifonazol-creme.htm","stock":"product.stockStatus.available","active":false,"discount":"28","retailPrice":"1480","listPrice":"2046","packSize":"50 g","nowProductGroup":"sameday_nextday","attributes":["apothekenpflichtig","Arzneimittel"],"productName":"Canesten® EXTRA Bifonazol Creme","pricePerUnit":"29,60 € / 100 g","imageUrl":"https://cdn.shop-apotheke.com/images/canesten-extra-bifonazol-creme-creme-D00679629-p1.jpg","pharmaForm":"Creme","ribbonText":"","RPMultiplier":"1"}],"master":false,"marketplace":true,"nowProductGroup":"sameday_nextday","notOnStockMessage":"","stockStatusColor":"green","categoryCodes":["csd00001","csd00144","csd00158","csd00168","csd00169","root","catalogs","main","landingpages","csd01680","csd01434","csd02271","csd02272","csd03159","csd03339","csd03461","csd02968","csd03635","csd04003","csd04394"],"prices":{"listPrice":{"amount":20.46,"net":17.64,"currency":"EUR","info":{"index":1,"text":"AVP / UVP"}},"retailPrice":{"amount":14.8,"net":12.76,"currency":"EUR","info":{"index":1,"text":"AVP / UVP"}}},"calculatedRatingRanking":3.93,"objectID":"00679629","_highlightResult":{"activeSubstances":[{"value":"Bifonazol","matchLevel":"none","matchedWords":[]}]},"_rankingInfo":{"nbTypos":0,"firstMatchedWord":0,"proximityDistance":0,"userScore":295,"geoDistance":0,"geoPrecision":1,"nbExactWords":0,"words":1,"filters":1,"personalization":{"score":0,"rankingScore":0,"filtersScore":0,"textualRelevanceBucket":1,"initialPosition":205,"newPosition":205}}},{"brandCode":"csd2420","pzn":"11358868","productName":"Fenistil® Tropfen","secondaryCategories":["Landingpages","Allergie-Topseller","Landingpages","Topseller Allergie","Produkt-Promotions CRM","SHOP APOTHEKE NOW! Allergie","Landingpages","Weltgesundheitstag: Hausapotheke","Landingpages","SHOP APOTHEKE NOW!","Healthy Deals","Healthy Deals Aktionsprodukte"],"manufacturer":"GlaxoSmithKline Consumer Healthcare","pharmaForm":"Lösung zum Einnehmen","brand":"Fenistil Tropfen","brandIntern":"Fenistil®","subBrandIntern":"","activeSubstances":["Dimetinden maleat"],"additiveSubstances":["Dinatrium edetat-2-Wasser","Benzoesäure","Saccharin natrium","Wasser, gereinigtes","Dinatriumhydrogenphosphat-12-Wasser","Citronensäure monohydrat","Propylenglycol"],"additiveSubstancesHtml":"<ul><li>Dinatrium edetat-2-Wasser</li><li>Benzoesäure</li><li>Saccharin natrium</li><li>Wasser, gereinigtes</li><li>Dinatriumhydrogenphosphat-12-Wasser</li><li>Citronensäure monohydrat</li><li>Propylenglycol</li></ul>","descriptionShort":"Zur symptomatischen Behandlung von allergischen Erkrankungen und Juckreiz","keywords":[],"unit":"ml","unitQuantityString":"3X20","masterID":"01329096","indicationRanges":["Antiallergika","H1-Antihistaminika (Interna)","Monopräparate"],"ratingCount":47,"averageRating":4.7,"attributes":["apothekenpflichtig","Arzneimittel"],"prescriptionMedicine":false,"price":1308,"listPrice":1758,"netRetailPrice":1128,"priceFormatted":"€ 13,08","listPriceFormatted":"€ 17,58","potency":"","ifap":"Die Tropfen enthalten Dimetindenmaleat. Das Präparat gehört zu einer Gruppe Arzneimittel, die man Antihistaminika nennt. Sie werden zur Linderung der Symptome von Allergien wie Hautausschlag, Juckreiz, Heuschnupfen oder anderen Formen allergisch bedingten Schnupfens angewendet. Die Tropfen hemmen die Wirkung von Histamin. Histamin ist eine Substanz, die der Körper während einer allergisch bedingten Reaktion freisetzt. Es lindert den Juckreiz und die Reizungen, die durch den Hautausschlag verursacht werden, senkt die Schwellung und lindert die Symptome des allergisch bedingten Schnupfens wie laufende Nase, Niesen, Jucken der Nase und juckende, tränende Augen. Anwendungsgebiet Zur symptomatischen Linderung von: histaminbedingtem Juckreiz; windpockenassoziiertem Juckreiz bei Kleinkindern; allergischem Schnupfen bei Patienten über 6 Jahren; Nesselsucht (Urtikaria); Insektenstichen.","image":"https://cdn.shop-apotheke.com/images/fenistil-tropfen-loesung-zum-einnehmen-D11358868-p1.jpg","hasImage":true,"deeplink":"arzneimittel/11358868/fenistil-tropfen.htm","applicablePromotions":"","variantDetails":"01329096|11358868|26|3X20 ml|1308|arzneimittel/11358868/fenistil-tropfen.htm|product.stockStatus.available","stockStatus":"","stockStatusReason":"product.stockStatus.available","inStock":true,"pricePerUnit":"21,80 € / 100 ml","discountInPercent":26,"created":1482933333000,"lastChanged":1598579332000,"ratingsLink":"/produktbewertungen/11358868/fenistil-tropfen.htm","ean":"","RPMultiplier":1,"ribbonText":"","primaryCategory":["Die Online-Apotheke für Deutschland","Die Online-Apotheke für Deutschland/Arzneimittel & weitere Produkte ","Die Online-Apotheke für Deutschland/Arzneimittel & weitere Produkte /Allergie & Asthma","Die Online-Apotheke für Deutschland/Arzneimittel & weitere Produkte /Allergie & Asthma/Allergiemittel zum Einnehmen"],"topsellerCountBucket":11,"filterAttributes":[],"filterRating":0.3,"packSize":"3X20 ml","variants":[{"id":"01329096","text":"Zur symptomatischen Behandlung von allergischen Erkrankungen und Juckreiz","webDetailPath":"arzneimittel/1329096/fenistil-tropfen.htm","stock":"product.stockStatus.available","active":true,"discount":"28","retailPrice":"491","listPrice":"678","packSize":"20 ml","nowProductGroup":"sameday_nextday","attributes":["apothekenpflichtig","Arzneimittel"],"productName":"Fenistil® Tropfen","pricePerUnit":"24,55 € / 100 ml","imageUrl":"https://cdn.shop-apotheke.com/images/fenistil-tropfen-loesung-D01329096-p1.jpg","pharmaForm":"Lösung","ribbonText":"","RPMultiplier":"1"},{"id":"11358868","text":"Zur symptomatischen Behandlung von allergischen Erkrankungen und Juckreiz","webDetailPath":"arzneimittel/11358868/fenistil-tropfen.htm","stock":"product.stockStatus.available","active":false,"discount":"26","retailPrice":"1308","listPrice":"1758","packSize":"3X20 ml","nowProductGroup":"none","attributes":["apothekenpflichtig","Arzneimittel"],"productName":"Fenistil® Tropfen","pricePerUnit":"21,80 € / 100 ml","imageUrl":"https://cdn.shop-apotheke.com/images/fenistil-tropfen-loesung-zum-einnehmen-D11358868-p1.jpg","pharmaForm":"Lösung zum Einnehmen","ribbonText":"","RPMultiplier":"1"}],"master":false,"marketplace":true,"nowProductGroup":"none","notOnStockMessage":"","stockStatusColor":"green","categoryCodes":["csd00001","csd00010","csd00011","root","catalogs","main","landingpages","csd02995","csd03290","csd03339","csd03987","csd03988","csd03340","csd01434","csd02968","csd03635","csd03939"],"prices":{"listPrice":{"amount":17.58,"net":15.16,"currency":"EUR","info":{"index":1,"text":"AVP / UVP"}},"retailPrice":{"amount":13.08,"net":11.28,"currency":"EUR","info":{"index":1,"text":"AVP / UVP"}}},"calculatedRatingRanking":3.57,"objectID":"11358868","_highlightResult":{"activeSubstances":[{"value":"Dimetinden maleat","matchLevel":"none","matchedWords":[]}]},"_rankingInfo":{"nbTypos":0,"firstMatchedWord":0,"proximityDistance":0,"userScore":294,"geoDistance":0,"geoPrecision":1,"nbExactWords":0,"words":1,"filters":1,"personalization":{"score":0,"rankingScore":0,"filtersScore":0,"textualRelevanceBucket":1,"initialPosition":206,"newPosition":206}}},{"brandCode":"","pzn":"15266092","productName":"Priorin® Kapseln","secondaryCategories":["Haare & Kopfhaut","Haarausfall","Landingpages","Abo Produkte","Landingpages","SHOP APOTHEKE NOW!","Healthy Deals","Healthy Deals Reiseapotheke","Healthy Deals","Healthy Deals Aktionsprodukte","Landingpages","Healthy Deals App-Angebote"],"manufacturer":"Bayer Vital GmbH","pharmaForm":"Kapseln","brand":"","brandIntern":"Priorin®","subBrandIntern":"","activeSubstances":["Hirse-Extrakt Auszugsmittel: Öl","L-Cystin","Calcium pantothenat"],"additiveSubstances":["Aromastoffe, natürlich, naturidentisch","Eisenoxide und -hydroxide","Magnesiumoxid","Lecithin (Sojabohne)","Gelatine","Weizenkeimöl, nativ","Sorbitol","Titandioxid","Wachs, gelbes","Glycerol"],"additiveSubstancesHtml":"<ul><li>Aromastoffe, natürlich, naturidentisch</li><li>Eisenoxide und -hydroxide</li><li>Magnesiumoxid</li><li>Lecithin (Sojabohne)</li><li>Gelatine</li><li>Weizenkeimöl, nativ</li><li>Sorbitol</li><li>Titandioxid</li><li>Wachs, gelbes</li><li>Glycerol</li></ul>","descriptionShort":"Bei hormonell erblich bedingten Haarwachstumsstörungen und Haarausfall bei Frauen","keywords":[],"unit":"St","unitQuantityString":"270","masterID":"04002059","indicationRanges":["Diätetika","Weitere","Sonstige"],"ratingCount":226,"averageRating":4.69,"attributes":["Lebensmittel","ABO"],"prescriptionMedicine":false,"price":6863,"listPrice":0,"netRetailPrice":6536,"priceFormatted":"€ 68,63","listPriceFormatted":"","potency":"","ifap":"","image":"https://cdn.shop-apotheke.com/images/priorin-kapseln-kapseln-D15266092-p1.jpg","hasImage":true,"deeplink":"arzneimittel/15266092/priorin-kapseln.htm","applicablePromotions":"","variantDetails":"04002059|15266092|0|270 St|6863|arzneimittel/15266092/priorin-kapseln.htm|product.stockStatus.available","stockStatus":"","stockStatusReason":"product.stockStatus.available","inStock":true,"pricePerUnit":"","discountInPercent":0,"created":1568707277000,"lastChanged":1598572793000,"ratingsLink":"/produktbewertungen/15266092/priorin-kapseln.htm","ean":"","RPMultiplier":1,"ribbonText":"","primaryCategory":["Die Online-Apotheke für Deutschland","Die Online-Apotheke für Deutschland/Arzneimittel & weitere Produkte ","Die Online-Apotheke für Deutschland/Arzneimittel & weitere Produkte /Haut, Haare & Nägel","Die Online-Apotheke für Deutschland/Arzneimittel & weitere Produkte /Haut, Haare & Nägel/Haare","Die Online-Apotheke für Deutschland/Arzneimittel & weitere Produkte /Haut, Haare & Nägel/Haare/Haarausfall"],"topsellerCountBucket":11,"filterAttributes":["Lebensmittel","ABO"],"filterRating":0.31,"packSize":"270 St","variants":[{"id":"04002059","text":"Bei hormonell erblich bedingten Haarwachstumsstörungen und Haarausfall bei Frauen","webDetailPath":"arzneimittel/4002059/priorin-kapseln.htm","stock":"product.stockStatus.available","active":true,"discount":"0","retailPrice":"1176","listPrice":"0","packSize":"30 St","nowProductGroup":"sameday_nextday","attributes":["Lebensmittel"],"productName":"Priorin® Kapseln","pricePerUnit":"","imageUrl":"https://cdn.shop-apotheke.com/images/priorin-kapseln-kapseln-D04002059-p1.jpg","pharmaForm":"Kapseln","ribbonText":"","RPMultiplier":"1"},{"id":"04002065","text":"Bei hormonell erblich bedingten Haarwachstumsstörungen und Haarausfall bei Frauen","webDetailPath":"arzneimittel/4002065/priorin-kapseln.htm","stock":"product.stockStatus.available","active":false,"discount":"0","retailPrice":"3429","listPrice":"0","packSize":"120 St","nowProductGroup":"sameday_nextday","attributes":["Lebensmittel","ABO"],"productName":"Priorin® Kapseln","pricePerUnit":"","imageUrl":"https://cdn.shop-apotheke.com/images/priorin-kapseln-kapseln-D04002065-p1.jpg","pharmaForm":"Kapseln","ribbonText":"","RPMultiplier":"1"},{"id":"15266092","text":"Bei hormonell erblich bedingten Haarwachstumsstörungen und Haarausfall bei Frauen","webDetailPath":"arzneimittel/15266092/priorin-kapseln.htm","stock":"product.stockStatus.available","active":false,"discount":"0","retailPrice":"6863","listPrice":"0","packSize":"270 St","nowProductGroup":"sameday_nextday","attributes":["Lebensmittel","ABO"],"productName":"Priorin® Kapseln","pricePerUnit":"","imageUrl":"https://cdn.shop-apotheke.com/images/priorin-kapseln-kapseln-D15266092-p1.jpg","pharmaForm":"Kapseln","ribbonText":"","RPMultiplier":"1"}],"master":false,"marketplace":true,"nowProductGroup":"sameday_nextday","notOnStockMessage":"","stockStatusColor":"green","categoryCodes":["csd00001","csd00144","csd00145","csd00146","csd00398","csd00615","csd00147","csd02297","root","catalogs","main","landingpages","csd03339","csd03461","csd01434","csd02968","csd03569","csd03635","csd03692"],"prices":{"listPrice":null,"retailPrice":{"amount":68.63,"net":65.36,"currency":"EUR","info":{"index":1,"text":"AVP / UVP"}}},"calculatedRatingRanking":4.29,"objectID":"15266092","_highlightResult":{"activeSubstances":[{"value":"Hirse-Extrakt <ais-highlight-0000000000>A</ais-highlight-0000000000>uszugsmittel: Öl","matchLevel":"full","fullyHighlighted":false,"matchedWords":["a"]},{"value":"L-Cystin","matchLevel":"none","matchedWords":[]},{"value":"Calcium pantothenat","matchLevel":"none","matchedWords":[]}]},"_rankingInfo":{"nbTypos":0,"firstMatchedWord":0,"proximityDistance":0,"userScore":293,"geoDistance":0,"geoPrecision":1,"nbExactWords":0,"words":1,"filters":1,"personalization":{"score":0,"rankingScore":0,"filtersScore":0,"textualRelevanceBucket":1,"initialPosition":207,"newPosition":207}}},{"brandCode":"csd2440","pzn":"14171188","productName":"Gingium® 120 mg","secondaryCategories":["Herz, Kreislauf & Gefäße","Konzentration & Leistungsfähigkeit","Ohr","Tinnitus","Pflanzlich","Herz & Kreislauf","Geschenke Themenwelt","Gesundheit schenken","UNSERE ADVENTS-ÜBERASCHUNG EXKLUSIV FÜR UNSERE BESTEN KUNDEN.","Advent 2","Landingpages","Abo Produkte","Landingpages","SHOP APOTHEKE NOW!","Geschenke für Sie & Ihn","Geschenke für Sie","Specials","Muttertags-Special","Valentinstag-Special","Valentinstagsgeschenke für Frauen","Oster-Special","Geschenke für Sie","Redirects","Geschenke für die Dame","Muttertags-Special","Muttertags-Geschenke","Healthy Deals","Healthy Deals Reiseapotheke","Healthy Deals","Healthy Deals Aktionsprodukte","Landingpages","Healthy Deals App-Angebote"],"manufacturer":"Hexal AG","pharmaForm":"Filmtabletten","brand":"Gingium","brandIntern":"HEXAL®","subBrandIntern":"Gingium® ","activeSubstances":["Ginkgoblätter-Trockenextrakt, extrahiert mit Aceton-Wasser (35-67:1)"],"additiveSubstances":["Magnesium stearat","Croscarmellose natrium","Hypromellose","Siliciumdioxid, hochdisperses","Cellulose, mikrokristalline","Dimeticon-Siliciumdioxid-α-hydro-ω-octadecyloxypoly(oxyethylen)-5-Sorbinsäure-Wasser","Eisen(III)-oxid","Maisstärke","Lactose-1-Wasser","Macrogol 1500","Titandioxid","Talkum"],"additiveSubstancesHtml":"<ul><li>Magnesium stearat</li><li>Croscarmellose natrium</li><li>Hypromellose</li><li>Siliciumdioxid, hochdisperses</li><li>Cellulose, mikrokristalline</li><li>Dimeticon-Siliciumdioxid-α-hydro-ω-octadecyloxypoly(oxyethylen)-5-Sorbinsäure-Wasser</li><li>Eisen(III)-oxid</li><li>Maisstärke</li><li>Lactose-1-Wasser</li><li>Macrogol 1500</li><li>Titandioxid</li><li>Talkum</li></ul>","descriptionShort":"Natürlich für ein starkes Gedächtnis","keywords":["gedächtnis","gingk"],"unit":"St","unitQuantityString":"120","masterID":"14171165","indicationRanges":["Psychopharmaka","Phytopharmaka","Antidementiva"],"ratingCount":67,"averageRating":4.69,"attributes":["apothekenpflichtig","pflanzlich","Arzneimittel","ABO"],"prescriptionMedicine":false,"price":5762,"listPrice":9258,"netRetailPrice":5488,"priceFormatted":"€ 57,62","listPriceFormatted":"€ 92,58","potency":"","ifap":"Das Präparat enthält einen Extrakt aus Ginkgo-Blättern. Es wird angewendetZur symptomatischen Behandlung von hirnorganisch bedingten geistigen Leistungseinbußen. Die Anwendung erfolgt im Rahmen eines therapeutischen Gesamtkonzeptes bei fortschreitender Abnahme bzw. Verlust erworbener geistiger Fähigkeiten (dementielles Syndrom) mit den Hauptbeschwerden: Gedächtnisstörungen, Konzentrationsstörungen, Niedergeschlagenheit, Schwindel, Ohrensausen, Kopfschmerzen.Das individuelle Ansprechen auf die Medikation kann nicht vorausgesagt werden. Bevor die Behandlung mit diesem Arzneimittel begonnen wird, sollte geklärt werden, ob die Krankheitszeichen nicht auf einer spezifisch zu behandelnden Grunderkrankung beruhen. Zur Verlängerung der schmerzfreien Gehstrecke bei arterieller Verschlusskrankheit in den Gliedmaßen, sog. &quot;Schaufensterkrankheit&quot; (Claudicatio intermittens im Stadium II nach FONTAINE) im Rahmen physikalisch therapeutischer Maßnahmen, insbesondere Gehtraining. Bei Schwindel infolge von Durchblutungsstörungen oder altersbedingten Rückbildungsvorgängen (Vertigo vaskulärer und involutiver Genese). Zur unterstützenden Behandlung von Ohrgeräuschen infolge von Durchblutungsstörungen oder altersbedingten Rückbildungsvorgängen (Tinnitus vaskulärer und involutiver Genese). Häufig auftretende Schwindelgefühle und Ohrensausen bedürfen grundsätzlich der Abklärung durch einen Arzt. Bei plötzlich auftretender Schwerhörigkeit bzw. einem Hörverlust sollte unverzüglich ein Arzt aufgesucht werden.","image":"https://cdn.shop-apotheke.com/images/gingium-120-mg-filmtabletten-D14171188-p1.jpg","hasImage":true,"deeplink":"arzneimittel/14171188/gingium-120-mg.htm","applicablePromotions":"","variantDetails":"14171165|14171188|38|120 St|5762|arzneimittel/14171188/gingium-120-mg.htm|product.stockStatus.available","stockStatus":"","stockStatusReason":"product.stockStatus.available","inStock":true,"pricePerUnit":"","discountInPercent":38,"created":1546424066000,"lastChanged":1598591767000,"ratingsLink":"/produktbewertungen/14171188/gingium-120-mg.htm","ean":"","RPMultiplier":1,"ribbonText":"","primaryCategory":["Die Online-Apotheke für Deutschland","Die Online-Apotheke für Deutschland/Homöopathie & Naturprodukte","Die Online-Apotheke für Deutschland/Homöopathie & Naturprodukte/Anwendungsgebiete","Die Online-Apotheke für Deutschland/Homöopathie & Naturprodukte/Anwendungsgebiete/Pflanzlich","Die Online-Apotheke für Deutschland/Homöopathie & Naturprodukte/Anwendungsgebiete/Pflanzlich/Konzentration & Leistungsfähigkeit"],"topsellerCountBucket":11,"filterAttributes":["pflanzlich","ABO"],"filterRating":0.31,"packSize":"120 St","variants":[{"id":"14171165","text":"Natürlich für ein starkes Gedächtnis","webDetailPath":"arzneimittel/14171165/gingium-120-mg.htm","stock":"product.stockStatus.available","active":true,"discount":"40","retailPrice":"1662","listPrice":"2758","packSize":"30 St","nowProductGroup":"sameday_nextday","attributes":["apothekenpflichtig","pflanzlich","Arzneimittel"],"productName":"Gingium® 120 mg","pricePerUnit":"","imageUrl":"https://cdn.shop-apotheke.com/images/gingium-120-mg-filmtabletten-D14171165-p10.jpg","pharmaForm":"Filmtabletten","ribbonText":"","RPMultiplier":"1"},{"id":"14171171","text":"Natürlich für ein starkes Gedächtnis","webDetailPath":"arzneimittel/14171171/gingium-120-mg.htm","stock":"product.stockStatus.available","active":false,"discount":"42","retailPrice":"2916","listPrice":"5067","packSize":"60 St","nowProductGroup":"sameday_nextday","attributes":["apothekenpflichtig","pflanzlich","Arzneimittel","ABO"],"productName":"Gingium® 120 mg","pricePerUnit":"","imageUrl":"https://cdn.shop-apotheke.com/images/gingium-120-mg-filmtabletten-D14171171-p1.jpg","pharmaForm":"Filmtabletten","ribbonText":"","RPMultiplier":"1"},{"id":"14171188","text":"Natürlich für ein starkes Gedächtnis","webDetailPath":"arzneimittel/14171188/gingium-120-mg.htm","stock":"product.stockStatus.available","active":false,"discount":"38","retailPrice":"5762","listPrice":"9258","packSize":"120 St","nowProductGroup":"sameday_nextday","attributes":["apothekenpflichtig","pflanzlich","Arzneimittel","ABO"],"productName":"Gingium® 120 mg","pricePerUnit":"","imageUrl":"https://cdn.shop-apotheke.com/images/gingium-120-mg-filmtabletten-D14171188-p1.jpg","pharmaForm":"Filmtabletten","ribbonText":"","RPMultiplier":"1"},{"id":"08105016","text":"Natürlich für ein starkes Gedächtnis","webDetailPath":"arzneimittel/8105016/gingium-120-mg-doppelpack.htm","stock":"product.stockStatus.available","active":false,"discount":"43","retailPrice":"10527","listPrice":"18516","packSize":"2X120 St","nowProductGroup":"sameday_nextday","attributes":["apothekenpflichtig","Arzneimittel","ABO"],"productName":"Gingium® 120 mg Doppelpack","pricePerUnit":"","imageUrl":"https://cdn.shop-apotheke.com/images/gingium-120-mg-doppelpack-filmtabletten-D08105016-p1.jpg","pharmaForm":"Filmtabletten","ribbonText":"Sparset","RPMultiplier":"1"}],"master":false,"marketplace":false,"nowProductGroup":"sameday_nextday","notOnStockMessage":"","stockStatusColor":"green","categoryCodes":["csd00850","csd00851","csd00884","csd00892","csd00001","csd00175","csd00181","csd00895","csd00020","csd00027","csd01047","csd02320","csd01439","csd01434","csd01450","csd02764","csd02770","csd01458","csd02352","csd02369","csd01447","csd02765","csd01435","csd02959","csd03055","root","catalogs","main","landingpages","csd03339","csd03461","csd02968","csd03569","csd03635","csd03646","csd03643","csd03692"],"prices":{"listPrice":{"amount":92.58,"net":88.17,"currency":"EUR","info":{"index":1,"text":"AVP / UVP"}},"retailPrice":{"amount":57.62,"net":54.88,"currency":"EUR","info":{"index":1,"text":"AVP / UVP"}}},"calculatedRatingRanking":3.75,"objectID":"14171188","_highlightResult":{"activeSubstances":[{"value":"Ginkgoblätter-Trockenextrakt, extrahiert mit <ais-highlight-0000000000>A</ais-highlight-0000000000>ceton-Wasser (35-67:1)","matchLevel":"full","fullyHighlighted":false,"matchedWords":["a"]}]},"_rankingInfo":{"nbTypos":0,"firstMatchedWord":0,"proximityDistance":0,"userScore":292,"geoDistance":0,"geoPrecision":1,"nbExactWords":0,"words":1,"filters":1,"personalization":{"score":0,"rankingScore":0,"filtersScore":0,"textualRelevanceBucket":1,"initialPosition":208,"newPosition":208}}},{"brandCode":"csd01596","pzn":"10064834","productName":"OMNi-BiOTiC®6","secondaryCategories":["Landingpages","SHOP APOTHEKE NOW!"],"manufacturer":"INSTITUT ALLERGOSAN Deutschland (privat) GmbH","pharmaForm":"Pulver","brand":"OMNi-BiOTiC","brandIntern":"OMNi BiOTiC®","subBrandIntern":"6","activeSubstances":["Bakterienkulturen"],"additiveSubstances":["Maltodextrin","Fructo-Oligosaccharide","Amylase","Maisstärke"],"additiveSubstancesHtml":"<ul><li>Maltodextrin</li><li>Fructo-Oligosaccharide</li><li>Amylase</li><li>Maisstärke</li></ul>","descriptionShort":"Zur Unterstützung der Verdauung","keywords":["Darmflora","Probiotikum","omnibiotik"],"unit":"g","unitQuantityString":"2X60","masterID":"09066029","indicationRanges":["Ohne Angabe einer Indikation, da Nichtarzneimittel"],"ratingCount":39,"averageRating":4.69,"attributes":["Lebensmittel","Nahrungsergänzungsmittel"],"prescriptionMedicine":false,"price":6221,"listPrice":7450,"netRetailPrice":5925,"priceFormatted":"€ 62,21","listPriceFormatted":"€ 74,50","potency":"","ifap":"","image":"https://cdn.shop-apotheke.com/images/omni-biotic-6-pulver-D10064834-p1.jpg","hasImage":true,"deeplink":"arzneimittel/10064834/omni-biotic-6.htm","applicablePromotions":"","variantDetails":"09066029|10064834|16|2X60 g|6221|arzneimittel/10064834/omni-biotic-6.htm|product.stockStatus.available","stockStatus":"","stockStatusReason":"product.stockStatus.available","inStock":true,"pricePerUnit":"51,84 € / 100 g","discountInPercent":16,"created":1445165720000,"lastChanged":1598571623000,"ratingsLink":"/produktbewertungen/10064834/omni-biotic-6.htm","ean":"9120001434701","RPMultiplier":1,"ribbonText":"","primaryCategory":["Die Online-Apotheke für Deutschland","Die Online-Apotheke für Deutschland/Arzneimittel & weitere Produkte ","Die Online-Apotheke für Deutschland/Arzneimittel & weitere Produkte /Magen & Darm","Die Online-Apotheke für Deutschland/Arzneimittel & weitere Produkte /Magen & Darm/Verdauung"],"topsellerCountBucket":11,"filterAttributes":["Lebensmittel","Nahrungsergänzungsmittel"],"filterRating":0.31,"packSize":"2X60 g","variants":[{"id":"09066029","text":"Zur Unterstützung der Verdauung","webDetailPath":"arzneimittel/9066029/omni-biotic-6.htm","stock":"product.stockStatus.available","active":true,"discount":"20","retailPrice":"3328","listPrice":"4150","packSize":"60 g","nowProductGroup":"sameday_nextday","attributes":["Lebensmittel","Nahrungsergänzungsmittel","ABO"],"productName":"OMNi-BiOTiC®6","pricePerUnit":"55,47 € / 100 g","imageUrl":"https://cdn.shop-apotheke.com/images/omni-biotic-6-pulver-D09066029-p1.jpg","pharmaForm":"Pulver","ribbonText":"","RPMultiplier":"1"},{"id":"10064834","text":"Zur Unterstützung der Verdauung","webDetailPath":"arzneimittel/10064834/omni-biotic-6.htm","stock":"product.stockStatus.available","active":false,"discount":"16","retailPrice":"6221","listPrice":"7450","packSize":"2X60 g","nowProductGroup":"sameday_nextday","attributes":["Lebensmittel","Nahrungsergänzungsmittel"],"productName":"OMNi-BiOTiC®6","pricePerUnit":"51,84 € / 100 g","imageUrl":"https://cdn.shop-apotheke.com/images/omni-biotic-6-pulver-D10064834-p1.jpg","pharmaForm":"Pulver","ribbonText":"","RPMultiplier":"1"},{"id":"09066035","text":"Zur Unterstützung der Verdauung","webDetailPath":"arzneimittel/9066035/omni-biotic-6.htm","stock":"product.stockStatus.available","active":false,"discount":"20","retailPrice":"12381","listPrice":"15500","packSize":"300 g","nowProductGroup":"sameday_nextday","attributes":["Lebensmittel","Nahrungsergänzungsmittel"],"productName":"OMNI-BIOTIC® 6","pricePerUnit":"412,70 € / kg","imageUrl":"https://cdn.shop-apotheke.com/images/omni-biotic-6-pulver-D09066035-p1.jpg","pharmaForm":"Pulver","ribbonText":"","RPMultiplier":"1"}],"master":false,"marketplace":true,"nowProductGroup":"sameday_nextday","notOnStockMessage":"","stockStatusColor":"green","categoryCodes":["csd00001","csd00219","csd00231","root","catalogs","main","landingpages","csd03339"],"prices":{"listPrice":{"amount":74.5,"net":70.95,"currency":"EUR","info":{"index":1,"text":"AVP / UVP"}},"retailPrice":{"amount":62.21,"net":59.25,"currency":"EUR","info":{"index":1,"text":"AVP / UVP"}}},"calculatedRatingRanking":3.46,"objectID":"10064834","_highlightResult":{"activeSubstances":[{"value":"Bakterienkulturen","matchLevel":"none","matchedWords":[]}]},"_rankingInfo":{"nbTypos":0,"firstMatchedWord":0,"proximityDistance":0,"userScore":291,"geoDistance":0,"geoPrecision":1,"nbExactWords":0,"words":1,"filters":1,"personalization":{"score":0,"rankingScore":0,"filtersScore":0,"textualRelevanceBucket":1,"initialPosition":209,"newPosition":209}}},{"brandCode":"","pzn":"02372668","productName":"Olynth® K 0,05 % Schnupfen Dosierspray für Kinder von  2 bis 6 Jahren","secondaryCategories":["Erkältung & Grippe","Schnupfen"],"manufacturer":"Johnson & Johnson GmbH (OTC)","pharmaForm":"Nasendosierspray","brand":"","brandIntern":"Olynth®","subBrandIntern":"","activeSubstances":["Xylometazolin hydrochlorid"],"additiveSubstances":["Dinatrium edetat-2-Wasser","Benzalkonium chlorid","Wasser, gereinigtes","Natriumchlorid","Natriumdihydrogenphosphat-2-Wasser","Dinatriumhydrogenphosphat-2-Wasser","Sorbitol 70"],"additiveSubstancesHtml":"<ul><li>Dinatrium edetat-2-Wasser</li><li>Benzalkonium chlorid</li><li>Wasser, gereinigtes</li><li>Natriumchlorid</li><li>Natriumdihydrogenphosphat-2-Wasser</li><li>Dinatriumhydrogenphosphat-2-Wasser</li><li>Sorbitol 70</li></ul>","descriptionShort":"Befreit verstopfte Kindernasen schnell und langhaltend für bis zu 12 Stunden","keywords":["kindernasenspray"],"unit":"ml","unitQuantityString":"10","masterID":"02372668","indicationRanges":["Atemwegskrankheiten und grippale Infekte","Rhinologika, lokale Anwendung","Schnupfenmittel, Sympathomimetika-haltig"],"ratingCount":16,"averageRating":4.69,"attributes":["apothekenpflichtig","Arzneimittel"],"prescriptionMedicine":false,"price":138,"listPrice":189,"netRetailPrice":119,"priceFormatted":"€ 1,38","listPriceFormatted":"€ 1,89","potency":"","ifap":"Das Präparat ist ein Mittel zur Anwendung in der Nase (Rhinologikum) und enthält das Alpha-Sympathomimetikum Xylometazolin. Xylometazolin hat gefäßverengende Eigenschaften und bewirkt dadurch eine Schleimhautabschwellung. Das Arzneimittel wird angewendetzur Abschwellung der Nasenschleimhaut (Kurzzeitbehandlung) bei Schnupfen, anfallsweise auftretendem Fließschnupfen (Rhinitis vasomotorica) oder allergischem Schnupfen (Rhinitis allergica) zur Erleichterung des Sekretabflusses bei Entzündung der Nasennebenhöhlen sowie bei Katarrh des Tubenmittelohrs in Verbindung mit Schnupfen. Das Präparat ist für Kinder zwischen 2 und 6 Jahren bestimmt.","image":"https://cdn.shop-apotheke.com/images/olynth-k-0-05-schnupfen-dosierspray-fuer-kinder-von-2-bis-6-jahren-nasendosierspray-D02372668-p1.jpg","hasImage":true,"deeplink":"arzneimittel/2372668/olynth-k-0-05-schnupfen-dosierspray-fuer-kinder-von-2-bis-6-jahren.htm","applicablePromotions":"","variantDetails":"02372668|02372668|27|10 ml|138|arzneimittel/2372668/olynth-k-0-05-schnupfen-dosierspray-fuer-kinder-von-2-bis-6-jahren.htm|product.stockStatus.available","stockStatus":"","stockStatusReason":"product.stockStatus.available","inStock":true,"pricePerUnit":"13,80 € / 100 ml","discountInPercent":27,"created":1445173502000,"lastChanged":1598569094000,"ratingsLink":"/produktbewertungen/2372668/olynth-k-0-05-schnupfen-dosierspray-fuer-kinder-von-2-bis-6-jahren.htm","ean":"","RPMultiplier":1,"ribbonText":"","primaryCategory":["Die Online-Apotheke für Deutschland","Die Online-Apotheke für Deutschland/Arzneimittel & weitere Produkte ","Die Online-Apotheke für Deutschland/Arzneimittel & weitere Produkte /Auge, Nase & Ohr","Die Online-Apotheke für Deutschland/Arzneimittel & weitere Produkte /Auge, Nase & Ohr/Nase","Die Online-Apotheke für Deutschland/Arzneimittel & weitere Produkte /Auge, Nase & Ohr/Nase/Schnupfen"],"topsellerCountBucket":11,"filterAttributes":[],"filterRating":0.31,"packSize":"10 ml","variants":[{"id":"02372668","text":"Befreit verstopfte Kindernasen schnell und langhaltend für bis zu 12 Stunden","webDetailPath":"arzneimittel/2372668/olynth-k-0-05-schnupfen-dosierspray-fuer-kinder-von-2-bis-6-jahren.htm","stock":"product.stockStatus.available","active":true,"discount":"27","retailPrice":"138","listPrice":"189","packSize":"10 ml","nowProductGroup":"sameday_nextday","attributes":["apothekenpflichtig","Arzneimittel"],"productName":"Olynth® K 0,05 % Schnupfen Dosierspray für Kinder von  2 bis 6 Jahren","pricePerUnit":"13,80 € / 100 ml","imageUrl":"https://cdn.shop-apotheke.com/images/olynth-k-0-05-schnupfen-dosierspray-fuer-kinder-von-2-bis-6-jahren-nasendosierspray-D02372668-p1.jpg","pharmaForm":"Nasendosierspray","ribbonText":"","RPMultiplier":"1"}],"master":true,"marketplace":true,"nowProductGroup":"sameday_nextday","notOnStockMessage":"","stockStatusColor":"green","categoryCodes":["csd00001","csd00020","csd00028","csd00033","csd00061","csd01060"],"prices":{"listPrice":{"amount":1.89,"net":1.63,"currency":"EUR","info":{"index":1,"text":"AVP / UVP"}},"retailPrice":{"amount":1.38,"net":1.19,"currency":"EUR","info":{"index":1,"text":"AVP / UVP"}}},"calculatedRatingRanking":3.03,"objectID":"02372668","_highlightResult":{"activeSubstances":[{"value":"Xylometazolin hydrochlorid","matchLevel":"none","matchedWords":[]}]},"_rankingInfo":{"nbTypos":0,"firstMatchedWord":0,"proximityDistance":0,"userScore":290,"geoDistance":0,"geoPrecision":1,"nbExactWords":0,"words":1,"filters":1,"personalization":{"score":0,"rankingScore":0,"filtersScore":0,"textualRelevanceBucket":1,"initialPosition":210,"newPosition":210}}},{"brandCode":"csd03752","pzn":"14372283","productName":"Hydrocortison AL 0,5% Creme","secondaryCategories":["Allergie & Asthma","Allergische Hautreaktion","Reiseapotheke","Sonnenbrand, Insektenstichen & Allergien","Healthy Deals","Healthy Deals Reiseapotheke","Healthy Deals","Healthy Deals Aktionsprodukte","Landingpages","Insektenschutz & Sonnenbrand","Landingpages","Sommerliche Erfrischung","Landingpages","Healthy Deals App-Angebote","Healthy Deals","RedPoints-Aktion"],"manufacturer":"ALIUD Pharma GmbH","pharmaForm":"Creme","brand":"Aliud","brandIntern":"ALIUD","subBrandIntern":"","activeSubstances":["Hydrocortison"],"additiveSubstances":["Hartfett","Stearinsäure (pflanzlich)","Wasser, gereinigtes","Octyldodecanol","Propylenglycol","Polysorbat 60","Sorbitan stearat"],"additiveSubstancesHtml":"<ul><li>Hartfett</li><li>Stearinsäure (pflanzlich)</li><li>Wasser, gereinigtes</li><li>Octyldodecanol</li><li>Propylenglycol</li><li>Polysorbat 60</li><li>Sorbitan stearat</li></ul>","descriptionShort":"Zur Pflege und Behandlung der Haut bei Juckreiz, Rötungen und Schwellungen","keywords":[],"unit":"g","unitQuantityString":"30","masterID":"14372260","indicationRanges":["Dermatotherapeutika","Lokale Corticoidtherapie","Monopräparate"],"ratingCount":3,"averageRating":4.67,"attributes":["apothekenpflichtig","Arzneimittel"],"prescriptionMedicine":false,"price":466,"listPrice":790,"netRetailPrice":402,"priceFormatted":"€ 4,66","listPriceFormatted":"€ 7,90","potency":"","ifap":"Das Arzneimittel ist eine Creme zur Anwendung auf der Haut bei entzündlichen und allergischen Hauterkrankungen. Die Creme wird angewendet bei entzündlichen und allergischen Hauterkrankungen mit geringer Symptomausprägung, die auf eine äußerliche Therapie mit schwach wirksamen Kortikosteroiden ansprechen (max. 2 Wochen).","image":"https://cdn.shop-apotheke.com/images/hydrocortison-al-0-5-creme-creme-D14372283-p1.jpg","hasImage":true,"deeplink":"arzneimittel/14372283/hydrocortison-al-0-5-creme.htm","applicablePromotions":"","variantDetails":"14372260|14372283|41|30 g|466|arzneimittel/14372283/hydrocortison-al-0-5-creme.htm|product.stockStatus.available","stockStatus":"","stockStatusReason":"product.stockStatus.available","inStock":true,"pricePerUnit":"15,53 € / 100 g","discountInPercent":41,"created":1561626077000,"lastChanged":1598572737000,"ratingsLink":"/produktbewertungen/14372283/hydrocortison-al-0-5-creme.htm","ean":"","RPMultiplier":1,"ribbonText":"","primaryCategory":["Die Online-Apotheke für Deutschland","Die Online-Apotheke für Deutschland/Arzneimittel & weitere Produkte ","Die Online-Apotheke für Deutschland/Arzneimittel & weitere Produkte /Haut, Haare & Nägel","Die Online-Apotheke für Deutschland/Arzneimittel & weitere Produkte /Haut, Haare & Nägel/Haut","Die Online-Apotheke für Deutschland/Arzneimittel & weitere Produkte /Haut, Haare & Nägel/Haut/Cortisonsalben"],"topsellerCountBucket":11,"filterAttributes":[],"filterRating":0.33,"packSize":"30 g","variants":[{"id":"14372260","text":"Zur Pflege und Behandlung der Haut bei Juckreiz, Rötungen und Schwellungen","webDetailPath":"arzneimittel/14372260/hydrocortison-al-0-5-creme.htm","stock":"product.stockStatus.available","active":true,"discount":"31","retailPrice":"311","listPrice":"451","packSize":"15 g","nowProductGroup":"sameday_nextday","attributes":["apothekenpflichtig","Arzneimittel"],"productName":"Hydrocortison AL 0,5% Creme","pricePerUnit":"20,73 € / 100 g","imageUrl":"https://cdn.shop-apotheke.com/images/hydrocortison-al-0-5-creme-creme-D14372260-p1.jpg","pharmaForm":"Creme","ribbonText":"","RPMultiplier":"1"},{"id":"14372283","text":"Zur Pflege und Behandlung der Haut bei Juckreiz, Rötungen und Schwellungen","webDetailPath":"arzneimittel/14372283/hydrocortison-al-0-5-creme.htm","stock":"product.stockStatus.available","active":false,"discount":"41","retailPrice":"466","listPrice":"790","packSize":"30 g","nowProductGroup":"sameday_nextday","attributes":["apothekenpflichtig","Arzneimittel"],"productName":"Hydrocortison AL 0,5% Creme","pricePerUnit":"15,53 € / 100 g","imageUrl":"https://cdn.shop-apotheke.com/images/hydrocortison-al-0-5-creme-creme-D14372283-p1.jpg","pharmaForm":"Creme","ribbonText":"","RPMultiplier":"1"}],"master":false,"marketplace":false,"nowProductGroup":"sameday_nextday","notOnStockMessage":"","stockStatusColor":"green","categoryCodes":["csd00001","csd00144","csd00158","csd01045","csd00010","csd00014","csd00077","csd00116","csd01569","csd01434","csd02968","csd03288","root","catalogs","main","landingpages","csd03461","csd03569","csd03635","csd04004","csd04411"],"prices":{"listPrice":{"amount":7.9,"net":6.81,"currency":"EUR","info":{"index":1,"text":"AVP / UVP"}},"retailPrice":{"amount":4.66,"net":4.02,"currency":"EUR","info":{"index":1,"text":"AVP / UVP"}}},"calculatedRatingRanking":2.62,"objectID":"14372283","_highlightResult":{"activeSubstances":[{"value":"Hydrocortison","matchLevel":"none","matchedWords":[]}]},"_rankingInfo":{"nbTypos":0,"firstMatchedWord":0,"proximityDistance":0,"userScore":289,"geoDistance":0,"geoPrecision":1,"nbExactWords":0,"words":1,"filters":1,"personalization":{"score":0,"rankingScore":0,"filtersScore":0,"textualRelevanceBucket":1,"initialPosition":211,"newPosition":211}}},{"brandCode":"csd03717","pzn":"02286360","productName":"Aciclovir-ratiopharm® Lippenherpescreme","secondaryCategories":["Haut","Lippenherpes","Black Friday®","50% und mehr","Landingpages","Topseller","Landingpages","Gesund durch den Karneval","Landingpages","100 Topseller","Landingpages","SHOP APOTHEKE NOW!","Healthy Deals","Healthy Deals Reiseapotheke","Landingpages","Healthy Deals App-Angebote","Healthy Deals","Healthy Deals Aktionsprodukte"],"manufacturer":"ratiopharm GmbH","pharmaForm":"Creme","brand":"ratiopharm Aciclovir","brandIntern":"ratiopharm","subBrandIntern":"Aciclovir-ratiopharm®","activeSubstances":["Aciclovir"],"additiveSubstances":["Paraffin, dickflüssiges","Cetylstearylalkohol","Wasser, gereinigtes","Vaselin, weißes","Natriumdodecylsulfat","Propylenglycol","Poloxamer 407"],"additiveSubstancesHtml":"<ul><li>Paraffin, dickflüssiges</li><li>Cetylstearylalkohol</li><li>Wasser, gereinigtes</li><li>Vaselin, weißes</li><li>Natriumdodecylsulfat</li><li>Propylenglycol</li><li>Poloxamer 407</li></ul>","descriptionShort":"Hemmt es die Beschwerden von Lippenherpes-Bläschenbildung, Brennen, Juckreiz","keywords":["herpessalbe","herpescreme","herpesgel","herpes"],"unit":"g","unitQuantityString":"2","masterID":"02286360","indicationRanges":["Dermatotherapeutika","Virustatika","Lippenherpes"],"ratingCount":65,"averageRating":4.66,"attributes":["apothekenpflichtig","Arzneimittel"],"prescriptionMedicine":false,"price":285,"listPrice":485,"netRetailPrice":246,"priceFormatted":"€ 2,85","listPriceFormatted":"€ 4,85","potency":"","ifap":"Der Wirkstoff des Arzneimittels hemmt die Vermehrung von Herpes-Viren (Virustatikum). Es wird angewendetzur lindernden Behandlung von Schmerzen und Juckreiz bei häufig wiederkehrenden Herpesinfektionen mit Bläschenbildung im Lippenbereich (rezidivierender Herpes labialis).","image":"https://cdn.shop-apotheke.com/images/aciclovir-ratiopharm-lippenherpescreme-creme-D02286360-p1.jpg","hasImage":true,"deeplink":"arzneimittel/2286360/aciclovir-ratiopharm-lippenherpescreme.htm","applicablePromotions":"","variantDetails":"02286360|02286360|41|2 g|285|arzneimittel/2286360/aciclovir-ratiopharm-lippenherpescreme.htm|product.stockStatus.available","stockStatus":"","stockStatusReason":"product.stockStatus.available","inStock":true,"pricePerUnit":"142,50 € / 100 g","discountInPercent":41,"created":1445173510000,"lastChanged":1598569077000,"ratingsLink":"/produktbewertungen/2286360/aciclovir-ratiopharm-lippenherpescreme.htm","ean":"","RPMultiplier":1,"ribbonText":"","primaryCategory":["Die Online-Apotheke für Deutschland","Die Online-Apotheke für Deutschland/Arzneimittel & weitere Produkte ","Die Online-Apotheke für Deutschland/Arzneimittel & weitere Produkte /Haut, Haare & Nägel","Die Online-Apotheke für Deutschland/Arzneimittel & weitere Produkte /Haut, Haare & Nägel/Haut","Die Online-Apotheke für Deutschland/Arzneimittel & weitere Produkte /Haut, Haare & Nägel/Haut/Herpes"],"topsellerCountBucket":11,"filterAttributes":[],"filterRating":0.34,"packSize":"2 g","variants":[{"id":"02286360","text":"Hemmt es die Beschwerden von Lippenherpes-Bläschenbildung, Brennen, Juckreiz","webDetailPath":"arzneimittel/2286360/aciclovir-ratiopharm-lippenherpescreme.htm","stock":"product.stockStatus.available","active":true,"discount":"41","retailPrice":"285","listPrice":"485","packSize":"2 g","nowProductGroup":"sameday_nextday","attributes":["apothekenpflichtig","Arzneimittel"],"productName":"Aciclovir-ratiopharm® Lippenherpescreme","pricePerUnit":"142,50 € / 100 g","imageUrl":"https://cdn.shop-apotheke.com/images/aciclovir-ratiopharm-lippenherpescreme-creme-D02286360-p1.jpg","pharmaForm":"Creme","ribbonText":"","RPMultiplier":"1"}],"master":true,"marketplace":true,"nowProductGroup":"sameday_nextday","notOnStockMessage":"","stockStatusColor":"green","categoryCodes":["csd00001","csd00144","csd00158","csd00161","csd01434","csd02271","csd02860","root","catalogs","main","landingpages","csd03339","csd03344","csd03461","csd02968","csd03569","csd03635","csd03648","csd03716","brandshop","csd2123","csd2128","csd2129"],"prices":{"listPrice":{"amount":4.85,"net":4.18,"currency":"EUR","info":{"index":1,"text":"AVP / UVP"}},"retailPrice":{"amount":2.85,"net":2.46,"currency":"EUR","info":{"index":1,"text":"AVP / UVP"}}},"calculatedRatingRanking":3.72,"objectID":"02286360","_highlightResult":{"activeSubstances":[{"value":"<ais-highlight-0000000000>A</ais-highlight-0000000000>ciclovir","matchLevel":"full","fullyHighlighted":false,"matchedWords":["a"]}]},"_rankingInfo":{"nbTypos":0,"firstMatchedWord":0,"proximityDistance":0,"userScore":288,"geoDistance":0,"geoPrecision":1,"nbExactWords":0,"words":1,"filters":1,"personalization":{"score":0,"rankingScore":0,"filtersScore":0,"textualRelevanceBucket":1,"initialPosition":212,"newPosition":212}}},{"brandCode":"csd01909","pzn":"10779349","productName":"La Roche-Posay Effaclar Schäumendes Reinigungsgel bei unreiner, fettiger Haut","secondaryCategories":["Unreine Haut","Reinigung","Gesichtsreinigung","Gesichtsreinigung für unreine Haut","Hautbedürfnisse","Unreine Haut","Hautbedürfnisse","Gesichtsreinigung & Masken","La Roche-Posay","Unreine Haut","La Roche-Posay","Reinigung","Produktlinien","Effaclar","LA ROCHE-POSAY","Unreine Haut","Körperpflege","Reinigung","Landingpages","Beauty Topseller","Landingpages","Beauty-Topseller: 10% Rabatt mit beauty2019 sichern!","Healthy Deals","Beauty Spar-Angebote","Landingpages","RedPoints Produktauswahl Dermokosmetik","Landingpages","Flash Deal Beauty","Landingpages","Unsere Topseller","Landingpages","Topseller","Landingpages","Topseller","Geschenke für Sie & Ihn","Geschenke für Sie","Geschenke Themenwelt","Beauty schenken","UNSERE ADVENTS-ÜBERASCHUNG EXKLUSIV FÜR UNSERE BESTEN KUNDEN.","Advent 1","Specials","Muttertags-Special","Valentinstag-Special","Valentinstagsgeschenke für Frauen","Oster-Special","Geschenke für Sie","Redirects","Geschenke für die Dame","Muttertags-Special","Muttertags-Geschenke","Landingpages","SHOP APOTHEKE NOW!","Unreine Haut","Effaclar bei Unreiner Haut"],"manufacturer":"L'Oreal Deutschland GmbH - LA ROCHE-POSAY","pharmaForm":"Gel","brand":"La Roche Posay","brandIntern":"LA ROCHE-POSAY","subBrandIntern":"Effaclar","activeSubstances":["Thermalwasser","Pidolsäure, Zinksalz","Capryl glycol","Kokosnuss betain"],"additiveSubstances":["2-Methylpentan-2,4-diol","Natrium laureth sulfat","PEG-120 methyl glucose dioleat","Parfüm","Natriumbenzoat","Natriumhydroxid zur pH-Wert-Einstellung","Natriumchlorid","Citronensäure","Macrogol 400","Phenoxyethanol"],"additiveSubstancesHtml":"<ul><li>2-Methylpentan-2,4-diol</li><li>Natrium laureth sulfat</li><li>PEG-120 methyl glucose dioleat</li><li>Parfüm</li><li>Natriumbenzoat</li><li>Natriumhydroxid zur pH-Wert-Einstellung</li><li>Natriumchlorid</li><li>Citronensäure</li><li>Macrogol 400</li><li>Phenoxyethanol</li></ul>","descriptionShort":"Wirkt antibakteriell und talgregulierend, therapiebegleitend anwendbar für unreine Haut","keywords":["fettige haut"],"unit":"ml","unitQuantityString":"400","masterID":"09043502","indicationRanges":["Kosmetika und Kinderpflegemittel","Haut-/ Haarreinigung inkl. Bade- und Duschzusätze"],"ratingCount":76,"averageRating":4.64,"attributes":[],"prescriptionMedicine":false,"price":1474,"listPrice":1890,"netRetailPrice":1271,"priceFormatted":"€ 14,74","listPriceFormatted":"€ 18,90","potency":"","ifap":"","image":"https://cdn.shop-apotheke.com/images/la-roche-posay-effaclar-schaeumendes-reinigungsgel-bei-unreiner-fettiger-haut-gel-D10779349-p1.jpg","hasImage":true,"deeplink":"beauty/10779349/la-roche-posay-effaclar-schaeumendes-reinigungsgel-bei-unreiner-fettiger-haut.htm","applicablePromotions":"","variantDetails":"09043502|10779349|22|400 ml|1474|beauty/10779349/la-roche-posay-effaclar-schaeumendes-reinigungsgel-bei-unreiner-fettiger-haut.htm|product.stockStatus.available","stockStatus":"","stockStatusReason":"product.stockStatus.available","inStock":true,"pricePerUnit":"36,85 € / l","discountInPercent":22,"created":1445174132000,"lastChanged":1598579191000,"ratingsLink":"/produktbewertungen/10779349/la-roche-posay-effaclar-schaeumendes-reinigungsgel-bei-unreiner-fettiger-haut.htm","ean":"3337872411991","RPMultiplier":1,"ribbonText":"","primaryCategory":["Die Online-Apotheke für Deutschland","Die Online-Apotheke für Deutschland/Beauty & Pflege","Die Online-Apotheke für Deutschland/Beauty & Pflege/Dermatologische Hautpflege","Die Online-Apotheke für Deutschland/Beauty & Pflege/Dermatologische Hautpflege/La Roche-Posay","Die Online-Apotheke für Deutschland/Beauty & Pflege/Dermatologische Hautpflege/La Roche-Posay/Serien","Die Online-Apotheke für Deutschland/Beauty & Pflege/Dermatologische Hautpflege/La Roche-Posay/Serien/Effaclar"],"topsellerCountBucket":11,"filterAttributes":[],"filterRating":0.36,"packSize":"400 ml","variants":[{"id":"09043502","text":"Zur Reinigung unreiner und fettiger Haut","webDetailPath":"beauty/9043502/la-roche-posay-effaclar-reinigungsgel.htm","stock":"product.stockStatus.available","active":true,"discount":"25","retailPrice":"1117","listPrice":"1490","packSize":"200 ml","nowProductGroup":"nextday","attributes":[],"productName":"La Roche Posay EFFACLAR REINIGUNGSGEL","pricePerUnit":"5,59 € / 100 ml","imageUrl":"https://cdn.shop-apotheke.com/images/la-roche-posay-effaclar-reinigungsgel-gel-D09043502-p1.jpg","pharmaForm":"Gel","ribbonText":"","RPMultiplier":"1"},{"id":"10779349","text":"Wirkt antibakteriell und talgregulierend, therapiebegleitend anwendbar für unreine Haut","webDetailPath":"beauty/10779349/la-roche-posay-effaclar-schaeumendes-reinigungsgel-bei-unreiner-fettiger-haut.htm","stock":"product.stockStatus.available","active":false,"discount":"22","retailPrice":"1474","listPrice":"1890","packSize":"400 ml","nowProductGroup":"sameday_nextday","attributes":[],"productName":"La Roche-Posay Effaclar Schäumendes Reinigungsgel bei unreiner, fettiger Haut","pricePerUnit":"36,85 € / l","imageUrl":"https://cdn.shop-apotheke.com/images/la-roche-posay-effaclar-schaeumendes-reinigungsgel-bei-unreiner-fettiger-haut-gel-D10779349-p1.jpg","pharmaForm":"Gel","ribbonText":"","RPMultiplier":"1"}],"master":false,"marketplace":true,"nowProductGroup":"sameday_nextday","notOnStockMessage":"","stockStatusColor":"green","categoryCodes":["csd00398","csd00499","csd00552","csd02178","csd02181","csd00615","csd00619","csd00626","csd02320","csd01439","csd00001","csd01434","csd01450","csd02202","csd02206","csd02352","csd02369","csd02764","csd01447","csd02765","csd02770","csd02772","csd01435","csd02959","csd03055","root","catalogs","main","landingpages","csd03273","csd02968","csd03289","csd03339","brandshop","csd1960","csd03367","csd03370","csd03477","csd03489","csd03518","csd03525","csd03646","csd03642","csd03647","csd03648","csd2005","csd03991","csd1975","csd1977","csd1985","csd1988","csd2007"],"prices":{"listPrice":{"amount":18.9,"net":16.29,"currency":"EUR","info":{"index":1,"text":"AVP / UVP"}},"retailPrice":{"amount":14.74,"net":12.71,"currency":"EUR","info":{"index":1,"text":"AVP / UVP"}}},"calculatedRatingRanking":3.79,"objectID":"10779349","_highlightResult":{"activeSubstances":[{"value":"Thermalwasser","matchLevel":"none","matchedWords":[]},{"value":"Pidolsäure, Zinksalz","matchLevel":"none","matchedWords":[]},{"value":"Capryl glycol","matchLevel":"none","matchedWords":[]},{"value":"Kokosnuss betain","matchLevel":"none","matchedWords":[]}]},"_rankingInfo":{"nbTypos":0,"firstMatchedWord":0,"proximityDistance":0,"userScore":287,"geoDistance":0,"geoPrecision":1,"nbExactWords":0,"words":1,"filters":1,"personalization":{"score":0,"rankingScore":0,"filtersScore":0,"textualRelevanceBucket":1,"initialPosition":213,"newPosition":213}}},{"brandCode":"csd2891","pzn":"08104709","productName":"Lasea® Weichkapseln Doppelpack","secondaryCategories":["Beruhigung, Schlaf & Nerven","Beruhigung & Schlaf","Beruhigung, Schlaf & Nerven","Pflanzliche Produkte","Landingpages","SHOP APOTHEKE NOW!","Geschenke für Sie & Ihn","Geschenke für Sie","Specials","Muttertags-Special","Valentinstag-Special","Valentinstagsgeschenke für Frauen","Oster-Special","Geschenke für Sie","Redirects","Geschenke für die Dame","Muttertags-Special","Muttertags-Geschenke"],"manufacturer":"Dr.Willmar Schwabe GmbH & Co.KG","pharmaForm":"Weichkapseln","brand":"Lasea","brandIntern":"Lasea®","subBrandIntern":"","activeSubstances":[],"additiveSubstances":[],"additiveSubstancesHtml":"","descriptionShort":"Zur Behandlung von Unruhezuständen bei ängstlicher Verstimmung","keywords":[],"unit":"St","unitQuantityString":"2x56","masterID":"05489603","indicationRanges":[],"ratingCount":270,"averageRating":4.64,"attributes":["apothekenpflichtig","Arzneimittel"],"prescriptionMedicine":false,"price":5215,"listPrice":7600,"netRetailPrice":4496,"priceFormatted":"€ 52,15","listPriceFormatted":"€ 76,00","potency":"","ifap":"","image":"https://cdn.shop-apotheke.com/images/lasea-weichkapseln-doppelpack-weichkapseln-D08104709-p1.jpg","hasImage":true,"deeplink":"arzneimittel/8104709/lasea-weichkapseln-doppelpack.htm","applicablePromotions":"","variantDetails":"05489603|08104709|31|2x56 St|5215|arzneimittel/8104709/lasea-weichkapseln-doppelpack.htm|product.stockStatus.available","stockStatus":"","stockStatusReason":"product.stockStatus.available","inStock":true,"pricePerUnit":"","discountInPercent":31,"created":1552907779000,"lastChanged":1598571014000,"ratingsLink":"/produktbewertungen/8104709/lasea-weichkapseln-doppelpack.htm","ean":"","RPMultiplier":1,"ribbonText":"","primaryCategory":["Die Online-Apotheke für Deutschland","Die Online-Apotheke für Deutschland/Homöopathie & Naturprodukte","Die Online-Apotheke für Deutschland/Homöopathie & Naturprodukte/Anwendungsgebiete","Die Online-Apotheke für Deutschland/Homöopathie & Naturprodukte/Anwendungsgebiete/Pflanzlich","Die Online-Apotheke für Deutschland/Homöopathie & Naturprodukte/Anwendungsgebiete/Pflanzlich/Beruhigung, Schlaf & Nerven"],"topsellerCountBucket":11,"filterAttributes":[],"filterRating":0.36,"packSize":"2x56 St","variants":[{"id":"05489603","text":"Zur Behandlung von Unruhezuständen bei ängstlicher Verstimmung","webDetailPath":"arzneimittel/5489603/lasea-weichkapseln.htm","stock":"product.stockStatus.available","active":true,"discount":"24","retailPrice":"903","listPrice":"1189","packSize":"14 St","nowProductGroup":"sameday_nextday","attributes":["apothekenpflichtig","pflanzlich","Arzneimittel"],"productName":"Lasea® Weichkapseln","pricePerUnit":"","imageUrl":"https://cdn.shop-apotheke.com/images/lasea-weichkapseln-weichkapseln-D05489603-p1.jpg","pharmaForm":"Weichkapseln","ribbonText":"","RPMultiplier":"1"},{"id":"05489626","text":"Zur Behandlung von Unruhezuständen bei ängstlicher Verstimmung","webDetailPath":"arzneimittel/5489626/lasea-weichkapseln.htm","stock":"product.stockStatus.available","active":false,"discount":"23","retailPrice":"1684","listPrice":"2182","packSize":"28 St","nowProductGroup":"sameday_nextday","attributes":["apothekenpflichtig","pflanzlich","Arzneimittel"],"productName":"Lasea® Weichkapseln","pricePerUnit":"","imageUrl":"https://cdn.shop-apotheke.com/images/lasea-weichkapseln-weichkapseln-D05489626-p1.jpg","pharmaForm":"Weichkapseln","ribbonText":"","RPMultiplier":"1"},{"id":"05489632","text":"Zur Behandlung von Unruhezuständen bei ängstlicher Verstimmung","webDetailPath":"arzneimittel/5489632/lasea-weichkapseln.htm","stock":"product.stockStatus.available","active":false,"discount":"23","retailPrice":"2919","listPrice":"3800","packSize":"56 St","nowProductGroup":"none","attributes":["apothekenpflichtig","pflanzlich","Arzneimittel","ABO"],"productName":"Lasea® Weichkapseln","pricePerUnit":"","imageUrl":"https://cdn.shop-apotheke.com/images/lasea-weichkapseln-weichkapseln-D05489632-p1.jpg","pharmaForm":"Weichkapseln","ribbonText":"","RPMultiplier":"1"},{"id":"08104709","text":"Zur Behandlung von Unruhezuständen bei ängstlicher Verstimmung","webDetailPath":"arzneimittel/8104709/lasea-weichkapseln-doppelpack.htm","stock":"product.stockStatus.available","active":false,"discount":"31","retailPrice":"5215","listPrice":"7600","packSize":"2x56 St","nowProductGroup":"none","attributes":["apothekenpflichtig","Arzneimittel"],"productName":"Lasea® Weichkapseln Doppelpack","pricePerUnit":"","imageUrl":"https://cdn.shop-apotheke.com/images/lasea-weichkapseln-doppelpack-weichkapseln-D08104709-p1.jpg","pharmaForm":"Weichkapseln","ribbonText":"","RPMultiplier":"1"}],"master":false,"marketplace":true,"nowProductGroup":"none","notOnStockMessage":"","stockStatusColor":"green","categoryCodes":["csd00850","csd00851","csd00884","csd00886","csd00001","csd00034","csd00035","csd02320","csd01439","csd01434","csd01450","csd01912","csd02352","csd02369","csd02764","csd01447","csd02765","csd01435","csd02959","csd03055","root","catalogs","main","landingpages","csd03339"],"prices":{"listPrice":{"amount":76,"net":65.52,"currency":"EUR","info":{"index":1,"text":"AVP / UVP"}},"retailPrice":{"amount":52.15,"net":44.96,"currency":"EUR","info":{"index":1,"text":"AVP / UVP"}}},"calculatedRatingRanking":4.31,"objectID":"08104709","_rankingInfo":{"nbTypos":0,"firstMatchedWord":0,"proximityDistance":0,"userScore":286,"geoDistance":0,"geoPrecision":1,"nbExactWords":0,"words":1,"filters":1,"personalization":{"score":0,"rankingScore":0,"filtersScore":0,"textualRelevanceBucket":1,"initialPosition":214,"newPosition":214}}},{"brandCode":"","pzn":"02026021","productName":"Schlafsterne®","secondaryCategories":["Black Friday®","30% und mehr","Landingpages","Topseller","Black Friday®","Wohl durch den Winter","Landingpages","SHOP APOTHEKE NOW!"],"manufacturer":"RETORTA GmbH","pharmaForm":"Tabletten","brand":"","brandIntern":"Schlafsterne®","subBrandIntern":"","activeSubstances":["Doxylamin hydrogensuccinat"],"additiveSubstances":["Magnesium stearat","Copovidon","Siliciumdioxid, hochdisperses","Cellulosepulver","Maisstärke","Lactose-1-Wasser","Talkum"],"additiveSubstancesHtml":"<ul><li>Magnesium stearat</li><li>Copovidon</li><li>Siliciumdioxid, hochdisperses</li><li>Cellulosepulver</li><li>Maisstärke</li><li>Lactose-1-Wasser</li><li>Talkum</li></ul>","descriptionShort":"Zur Anwendung bei medikamentös behandlungsbedürftigen Ein- und Durchschlafstörungen","keywords":["Schlaftabletten"],"unit":"St","unitQuantityString":"20","masterID":"02026015","indicationRanges":["Hypnotika/ Sedativa","Monopräparate","H1-Antihistaminika"],"ratingCount":86,"averageRating":4.64,"attributes":["apothekenpflichtig","Arzneimittel"],"prescriptionMedicine":false,"price":448,"listPrice":673,"netRetailPrice":386,"priceFormatted":"€ 4,48","listPriceFormatted":"€ 6,73","potency":"","ifap":"Das Präparat ist ein Arzneimittel mit müde-machenden Eigenschaften, das zu den sog. Antihistaminika / Sedativa gehört. Es wird angewendet bei medikamentös behandlungsbedürftigen Ein- und Durchschlafstörungen. Hinweis:Nicht alle Schlafstörungen bedürfen einer medikamentösen Therapie. Oftmals sind sie Ausdruck körperlicher oder seelischer Erkrankungen und können durch andere Maßnahmen oder eine Therapie der Grundkrankheit beeinflußt werden. Deshalb sollte bei länger anhaltenden Schlafstörungen keine Dauerbehandlung mit diesem Arzneimittel erfolgen, sondern der behandelnde Arzt aufgesucht werden.","image":"https://cdn.shop-apotheke.com/images/schlafsterne-tabletten-D02026021-p1.jpg","hasImage":true,"deeplink":"arzneimittel/2026021/schlafsterne.htm","applicablePromotions":"","variantDetails":"02026015|02026021|33|20 St|448|arzneimittel/2026021/schlafsterne.htm|product.stockStatus.available","stockStatus":"","stockStatusReason":"product.stockStatus.available","inStock":true,"pricePerUnit":"","discountInPercent":33,"created":1445170542000,"lastChanged":1598578369000,"ratingsLink":"/produktbewertungen/2026021/schlafsterne.htm","ean":"","RPMultiplier":1,"ribbonText":"","primaryCategory":["Die Online-Apotheke für Deutschland","Die Online-Apotheke für Deutschland/Arzneimittel & weitere Produkte ","Die Online-Apotheke für Deutschland/Arzneimittel & weitere Produkte /Beruhigung, Schlaf & Nerven","Die Online-Apotheke für Deutschland/Arzneimittel & weitere Produkte /Beruhigung, Schlaf & Nerven/Beruhigung & Schlaf"],"topsellerCountBucket":11,"filterAttributes":[],"filterRating":0.36,"packSize":"20 St","variants":[{"id":"02026015","text":"Zur Anwendung bei medikamentös behandlungsbedürftigen Ein- und Durchschlafstörungen","webDetailPath":"arzneimittel/2026015/schlafsterne.htm","stock":"product.stockStatus.available","active":true,"discount":"26","retailPrice":"305","listPrice":"412","packSize":"10 St","nowProductGroup":"sameday_nextday","attributes":["apothekenpflichtig","Arzneimittel"],"productName":"Schlafsterne®","pricePerUnit":"","imageUrl":"https://cdn.shop-apotheke.com/images/schlafsterne-tabletten-D02026015-p1.jpg","pharmaForm":"Tabletten","ribbonText":"","RPMultiplier":"1"},{"id":"02026021","text":"Zur Anwendung bei medikamentös behandlungsbedürftigen Ein- und Durchschlafstörungen","webDetailPath":"arzneimittel/2026021/schlafsterne.htm","stock":"product.stockStatus.available","active":false,"discount":"33","retailPrice":"448","listPrice":"673","packSize":"20 St","nowProductGroup":"sameday_nextday","attributes":["apothekenpflichtig","Arzneimittel"],"productName":"Schlafsterne®","pricePerUnit":"","imageUrl":"https://cdn.shop-apotheke.com/images/schlafsterne-tabletten-D02026021-p1.jpg","pharmaForm":"Tabletten","ribbonText":"","RPMultiplier":"1"}],"master":false,"marketplace":true,"nowProductGroup":"sameday_nextday","notOnStockMessage":"","stockStatusColor":"green","categoryCodes":["csd00001","csd00034","csd00035","csd01434","csd02271","csd02859","root","catalogs","main","landingpages","csd03339","csd03648","csd03668"],"prices":{"listPrice":{"amount":6.73,"net":5.8,"currency":"EUR","info":{"index":1,"text":"AVP / UVP"}},"retailPrice":{"amount":4.48,"net":3.86,"currency":"EUR","info":{"index":1,"text":"AVP / UVP"}}},"calculatedRatingRanking":3.85,"objectID":"02026021","_highlightResult":{"activeSubstances":[{"value":"Doxylamin hydrogensuccinat","matchLevel":"none","matchedWords":[]}]},"_rankingInfo":{"nbTypos":0,"firstMatchedWord":0,"proximityDistance":0,"userScore":285,"geoDistance":0,"geoPrecision":1,"nbExactWords":0,"words":1,"filters":1,"personalization":{"score":0,"rankingScore":0,"filtersScore":0,"textualRelevanceBucket":1,"initialPosition":215,"newPosition":215}}},{"brandCode":"","pzn":"14166253","productName":"La Roche Posay EFFACLAR DUO (+)","secondaryCategories":["Hautbedürfnisse","Unreine Haut","La Roche-Posay","Unreine Haut","Produktlinien","Effaclar","LA ROCHE-POSAY","Unreine Haut","Landingpages","Beauty Topseller","Landingpages","Beauty-Topseller: 10% Rabatt mit beauty2019 sichern!","Healthy Deals","Beauty Spar-Angebote","Landingpages","Flash Deal Beauty","Landingpages","Unsere Topseller","Landingpages","Topseller","Landingpages","Topseller","Geschenke Themenwelt","Beauty schenken","UNSERE ADVENTS-ÜBERASCHUNG EXKLUSIV FÜR UNSERE BESTEN KUNDEN.","Advent 1","Unreine Haut","Effaclar bei Unreiner Haut"],"manufacturer":"L'Oreal Deutschland GmbH - LA ROCHE-POSAY","pharmaForm":"Creme","brand":"","brandIntern":"LA ROCHE-POSAY","subBrandIntern":"Effaclar","activeSubstances":["Octadecansäureisohexadecylester","Thermalwasser","Nicotinamid","Pidolsäure, Zinksalz","Capryloyl-Salicylsäure","Capryl glycol","2-Oleamidooctadecan-1,3-diol","Vitreoscilla-Ferment","α-D-Mannose","Salicylsäure"],"additiveSubstances":["Dinatrium edetat","Glycerol stearat SE","Xanthan gummi","Hexadecylphosphat, Kaliumsalz","Siliciumdioxid, hochdisperses","Isohexadecan","Parfüm","Aluminium Stärke Octenylsuccinat","Methyl methacrylat-Kreuzpolymer","Poloxamer 338","Ammonium polyacryloyldimethyltaurat","Acrylamid/Natrium acryloyldimethyltaurat-Copolymer","Polyacryloyldimethyltaurat natrium","(Dodecanoylmethylamino)essigsäureisopropylester","Natriumhydroxid zur pH-Wert-Einstellung","Pirocton olamin","Wasser, gereinigtes","Polysorbat 80","Dimeticon","Sorbitan oleat","Glycerol"],"additiveSubstancesHtml":"<ul><li>Dinatrium edetat</li><li>Glycerol stearat SE</li><li>Xanthan gummi</li><li>Hexadecylphosphat, Kaliumsalz</li><li>Siliciumdioxid, hochdisperses</li><li>Isohexadecan</li><li>Parfüm</li><li>Aluminium Stärke Octenylsuccinat</li><li>Methyl methacrylat-Kreuzpolymer</li><li>Poloxamer 338</li><li>Ammonium polyacryloyldimethyltaurat</li><li>Acrylamid/Natrium acryloyldimethyltaurat-Copolymer</li><li>Polyacryloyldimethyltaurat natrium</li><li>(Dodecanoylmethylamino)essigsäureisopropylester</li><li>Natriumhydroxid zur pH-Wert-Einstellung</li><li>Pirocton olamin</li><li>Wasser, gereinigtes</li><li>Polysorbat 80</li><li>Dimeticon</li><li>Sorbitan oleat</li><li>Glycerol</li></ul>","descriptionShort":"Zur Pflege bei starken Hautunreinheiten","keywords":["akne","unreine haut","pickel"],"unit":"ml","unitQuantityString":"40","masterID":"14166253","indicationRanges":["Kosmetika und Kinderpflegemittel","Haut-/ Haarpflege, Hautschutz"],"ratingCount":49,"averageRating":4.63,"attributes":[],"prescriptionMedicine":false,"price":1261,"listPrice":1690,"netRetailPrice":1087,"priceFormatted":"€ 12,61","listPriceFormatted":"€ 16,90","potency":"","ifap":"","image":"https://cdn.shop-apotheke.com/images/la-roche-posay-effaclar-duo-creme-D14166253-p1.jpg","hasImage":true,"deeplink":"beauty/14166253/la-roche-posay-effaclar-duo.htm","applicablePromotions":"","variantDetails":"14166253|14166253|25|40 ml|1261|beauty/14166253/la-roche-posay-effaclar-duo.htm|product.stockStatus.available","stockStatus":"","stockStatusReason":"product.stockStatus.available","inStock":true,"pricePerUnit":"31,53 € / 100 ml","discountInPercent":25,"created":1522842011000,"lastChanged":1598572635000,"ratingsLink":"/produktbewertungen/14166253/la-roche-posay-effaclar-duo.htm","ean":"3337875598071","RPMultiplier":1,"ribbonText":"","primaryCategory":["Die Online-Apotheke für Deutschland","Die Online-Apotheke für Deutschland/Beauty & Pflege","Die Online-Apotheke für Deutschland/Beauty & Pflege/Dermatologische Hautpflege","Die Online-Apotheke für Deutschland/Beauty & Pflege/Dermatologische Hautpflege/La Roche-Posay","Die Online-Apotheke für Deutschland/Beauty & Pflege/Dermatologische Hautpflege/La Roche-Posay/Serien","Die Online-Apotheke für Deutschland/Beauty & Pflege/Dermatologische Hautpflege/La Roche-Posay/Serien/Effaclar"],"topsellerCountBucket":11,"filterAttributes":[],"filterRating":0.37,"packSize":"40 ml","variants":[{"id":"14166253","text":"Zur Pflege bei starken Hautunreinheiten","webDetailPath":"beauty/14166253/la-roche-posay-effaclar-duo.htm","stock":"product.stockStatus.available","active":true,"discount":"25","retailPrice":"1261","listPrice":"1690","packSize":"40 ml","nowProductGroup":"sameday_nextday","attributes":[],"productName":"La Roche Posay EFFACLAR DUO (+)","pricePerUnit":"31,53 € / 100 ml","imageUrl":"https://cdn.shop-apotheke.com/images/la-roche-posay-effaclar-duo-creme-D14166253-p1.jpg","pharmaForm":"Creme","ribbonText":"","RPMultiplier":"1"}],"master":true,"marketplace":true,"nowProductGroup":"sameday_nextday","notOnStockMessage":"","stockStatusColor":"green","categoryCodes":["csd00398","csd00499","csd00552","csd02178","csd02181","csd00615","csd00626","csd02206","csd02764","csd02770","csd02772","root","catalogs","main","landingpages","csd03273","csd00001","csd01434","csd02968","csd03289","brandshop","csd1960","csd03367","csd03370","csd03477","csd03489","csd03525","csd03646","csd03642","csd03647","csd03648","csd2005","csd03991"],"prices":{"listPrice":{"amount":16.9,"net":14.57,"currency":"EUR","info":{"index":1,"text":"AVP / UVP"}},"retailPrice":{"amount":12.61,"net":10.87,"currency":"EUR","info":{"index":1,"text":"AVP / UVP"}}},"calculatedRatingRanking":3.55,"objectID":"14166253","_highlightResult":{"activeSubstances":[{"value":"Octadecansäureisohexadecylester","matchLevel":"none","matchedWords":[]},{"value":"Thermalwasser","matchLevel":"none","matchedWords":[]},{"value":"Nicotinamid","matchLevel":"none","matchedWords":[]},{"value":"Pidolsäure, Zinksalz","matchLevel":"none","matchedWords":[]},{"value":"Capryloyl-Salicylsäure","matchLevel":"none","matchedWords":[]},{"value":"Capryl glycol","matchLevel":"none","matchedWords":[]},{"value":"2-Oleamidooctadecan-1,3-diol","matchLevel":"none","matchedWords":[]},{"value":"Vitreoscilla-Ferment","matchLevel":"none","matchedWords":[]},{"value":"α-D-Mannose","matchLevel":"none","matchedWords":[]},{"value":"Salicylsäure","matchLevel":"none","matchedWords":[]}]},"_rankingInfo":{"nbTypos":0,"firstMatchedWord":0,"proximityDistance":0,"userScore":284,"geoDistance":0,"geoPrecision":1,"nbExactWords":0,"words":1,"filters":1,"personalization":{"score":0,"rankingScore":0,"filtersScore":0,"textualRelevanceBucket":1,"initialPosition":216,"newPosition":216}}},{"brandCode":"csd2328","pzn":"00162004","productName":"Buscopan® Dragées","secondaryCategories":["Schmerzen","Regelschmerzen","Ratgeber","Bauchschmerz","Black Friday®","30% und mehr","Magen & Darm","Blähungen & Krämpfe","Specials","Neujahrs-Special","Landingpages","Topseller","Black Friday®","Wohl durch den Winter","Landingpages","Angebote aus der App-otheke ","Landingpages","Weltgesundheitstag: Hausapotheke","Landingpages","Top Kunden Sommer","Landingpages","SHOP APOTHEKE NOW!","Healthy Deals","Healthy Deals Gutes Bauchgefühl","Landingpages","Healthy Deals App-Angebote","Healthy Deals","RedPoints-Aktion"],"manufacturer":"Sanofi-Aventis Deutschland GmbH GB Selbstmedikation /Consumer-Care","pharmaForm":"Überzogene Tabletten","brand":"Buscopan Dragees","brandIntern":"Buscopan®","subBrandIntern":"","activeSubstances":["Butylscopolaminiumbromid"],"additiveSubstances":["Stearinsäure","Carnaubawachs","Siliciumdioxid, hochdisperses","Weinsäure","Calciumhydrogenphosphat","Saccharose","Maisstärke","Macrogol 6000","Povidon","Titandioxid","Wachs, gebleichtes","Arabisches Gummi","Talkum"],"additiveSubstancesHtml":"<ul><li>Stearinsäure</li><li>Carnaubawachs</li><li>Siliciumdioxid, hochdisperses</li><li>Weinsäure</li><li>Calciumhydrogenphosphat</li><li>Saccharose</li><li>Maisstärke</li><li>Macrogol 6000</li><li>Povidon</li><li>Titandioxid</li><li>Wachs, gebleichtes</li><li>Arabisches Gummi</li><li>Talkum</li></ul>","descriptionShort":"Bei Reizdarm, Bauchschmerzen und Regelschmerzen","keywords":[],"unit":"St","unitQuantityString":"50","masterID":"00161996","indicationRanges":["Spasmolytika","Neurotrope","Synthetische Spasmolytika"],"ratingCount":68,"averageRating":4.63,"attributes":["apothekenpflichtig","Arzneimittel"],"prescriptionMedicine":false,"price":1392,"listPrice":1850,"netRetailPrice":1200,"priceFormatted":"€ 13,92","listPriceFormatted":"€ 18,50","potency":"","ifap":"Das Arzneimittel ist ein krampflösendes Mittel (Spasmolytikum). Die Dragées werden angewendet zur Behandlung von leichten bis mäßig starken Krämpfen des Magen-Darm Traktes, sowie zur Behandlung krampfartiger Bauchschmerzen beim Reizdarmsyndrom.","image":"https://cdn.shop-apotheke.com/images/buscopan-dragees-ueberzogene-tabletten-D00162004-p1.jpg","hasImage":true,"deeplink":"arzneimittel/162004/buscopan-dragees.htm","applicablePromotions":"","variantDetails":"00161996|00162004|25|50 St|1392|arzneimittel/162004/buscopan-dragees.htm|product.stockStatus.available","stockStatus":"","stockStatusReason":"product.stockStatus.available","inStock":true,"pricePerUnit":"","discountInPercent":25,"created":1445172309000,"lastChanged":1598568246000,"ratingsLink":"/produktbewertungen/162004/buscopan-dragees.htm","ean":"","RPMultiplier":1,"ribbonText":"","primaryCategory":["Die Online-Apotheke für Deutschland","Die Online-Apotheke für Deutschland/Arzneimittel & weitere Produkte ","Die Online-Apotheke für Deutschland/Arzneimittel & weitere Produkte /Frauengesundheit","Die Online-Apotheke für Deutschland/Arzneimittel & weitere Produkte /Frauengesundheit/Menstruationsbeschwerden"],"topsellerCountBucket":11,"filterAttributes":[],"filterRating":0.37,"packSize":"50 St","variants":[{"id":"00161996","text":"Bei Reizdarm, Bauchschmerzen und Regelschmerzen","webDetailPath":"arzneimittel/161996/buscopan-dragees.htm","stock":"product.stockStatus.available","active":true,"discount":"25","retailPrice":"730","listPrice":"972","packSize":"20 St","nowProductGroup":"sameday_nextday","attributes":["apothekenpflichtig","Arzneimittel"],"productName":"Buscopan® Dragées","pricePerUnit":"","imageUrl":"https://cdn.shop-apotheke.com/images/buscopan-dragees-ueberzogene-tabletten-D00161996-p1.jpg","pharmaForm":"Überzogene Tabletten","ribbonText":"","RPMultiplier":"1"},{"id":"00162004","text":"Bei Reizdarm, Bauchschmerzen und Regelschmerzen","webDetailPath":"arzneimittel/162004/buscopan-dragees.htm","stock":"product.stockStatus.available","active":false,"discount":"25","retailPrice":"1392","listPrice":"1850","packSize":"50 St","nowProductGroup":"sameday_nextday","attributes":["apothekenpflichtig","Arzneimittel"],"productName":"Buscopan® Dragées","pricePerUnit":"","imageUrl":"https://cdn.shop-apotheke.com/images/buscopan-dragees-ueberzogene-tabletten-D00162004-p1.jpg","pharmaForm":"Überzogene Tabletten","ribbonText":"","RPMultiplier":"1"}],"master":false,"marketplace":true,"nowProductGroup":"sameday_nextday","notOnStockMessage":"","stockStatusColor":"green","categoryCodes":["csd00001","csd00072","csd00075","csd00219","csd00221","csd00269","csd00280","root","catalogs","main","themeshop","csd01395","csd01434","csd01461","csd02271","csd02859","csd02968","csd03288","landingpages","csd03339","csd03461","csd03568","csd03648","csd03668","csd03684","csd03715","csd03939"],"prices":{"listPrice":{"amount":18.5,"net":15.95,"currency":"EUR","info":{"index":1,"text":"AVP / UVP"}},"retailPrice":{"amount":13.92,"net":12,"currency":"EUR","info":{"index":1,"text":"AVP / UVP"}}},"calculatedRatingRanking":3.73,"objectID":"00162004","_highlightResult":{"activeSubstances":[{"value":"Butylscopolaminiumbromid","matchLevel":"none","matchedWords":[]}]},"_rankingInfo":{"nbTypos":0,"firstMatchedWord":0,"proximityDistance":0,"userScore":283,"geoDistance":0,"geoPrecision":1,"nbExactWords":0,"words":1,"filters":1,"personalization":{"score":0,"rankingScore":0,"filtersScore":0,"textualRelevanceBucket":1,"initialPosition":217,"newPosition":217}}},{"brandCode":"csd03115","pzn":"02246521","productName":"Basentabs pH-balance Pascoe®","secondaryCategories":["Pflanzlich","Immunsystem stärken","Ratgeber","Säure-Basen-Haushalt","Specials","Neujahrs-Special","Landingpages","Angebote aus der App-otheke "],"manufacturer":"Pascoe Vital GmbH","pharmaForm":"Tabletten","brand":"pH-balance Pascoe","brandIntern":"Pascoe","subBrandIntern":"pH-balance Pascoe®","activeSubstances":["Kaliumhydrogencarbonat","Magnesiumcarbonat","Natriumhydrogencarbonat","Dinatriumhydrogenphosphat","Zinksulfat","Calciumcarbonat"],"additiveSubstances":["Croscarmellose natrium","Siliciumdioxid","Speisefettsäuren, Magnesiumsalze","Povidon"],"additiveSubstancesHtml":"<ul><li>Croscarmellose natrium</li><li>Siliciumdioxid</li><li>Speisefettsäuren, Magnesiumsalze</li><li>Povidon</li></ul>","descriptionShort":"Mit basischen Mineralstoffen","keywords":[],"unit":"St","unitQuantityString":"200","masterID":"02246478","indicationRanges":["Ohne Angabe einer Indikation, da Nichtarzneimittel"],"ratingCount":26,"averageRating":4.62,"attributes":["Lebensmittel","Nahrungsergänzungsmittel"],"prescriptionMedicine":false,"price":1698,"listPrice":2332,"netRetailPrice":1617,"priceFormatted":"€ 16,98","listPriceFormatted":"€ 23,32","potency":"","ifap":"","image":"https://cdn.shop-apotheke.com/images/basentabs-ph-balance-pascoe-tabletten-D02246521-p1.jpg","hasImage":true,"deeplink":"arzneimittel/2246521/basentabs-ph-balance-pascoe.htm","applicablePromotions":"","variantDetails":"02246478|02246521|27|200 St|1698|arzneimittel/2246521/basentabs-ph-balance-pascoe.htm|product.stockStatus.available","stockStatus":"","stockStatusReason":"product.stockStatus.available","inStock":true,"pricePerUnit":"","discountInPercent":27,"created":1445173554000,"lastChanged":1598569069000,"ratingsLink":"/produktbewertungen/2246521/basentabs-ph-balance-pascoe.htm","ean":"","RPMultiplier":1,"ribbonText":"","primaryCategory":["Die Online-Apotheke für Deutschland","Die Online-Apotheke für Deutschland/Arzneimittel & weitere Produkte ","Die Online-Apotheke für Deutschland/Arzneimittel & weitere Produkte /Vitamine & Mineralstoffe","Die Online-Apotheke für Deutschland/Arzneimittel & weitere Produkte /Vitamine & Mineralstoffe/Säure-Basen-Haushalt"],"topsellerCountBucket":11,"filterAttributes":["Lebensmittel","Nahrungsergänzungsmittel"],"filterRating":0.38,"packSize":"200 St","variants":[{"id":"02246478","text":"Mit basischen Mineralstoffen","webDetailPath":"arzneimittel/2246478/basentabs-ph-balance-pascoe.htm","stock":"product.stockStatus.available","active":true,"discount":"29","retailPrice":"943","listPrice":"1324","packSize":"100 St","nowProductGroup":"sameday_nextday","attributes":["Lebensmittel","Nahrungsergänzungsmittel"],"productName":"Basentabs pH-balance Pascoe®","pricePerUnit":"","imageUrl":"https://cdn.shop-apotheke.com/images/basentabs-ph-balance-pascoe-tabletten-D02246478-p1.jpg","pharmaForm":"Tabletten","ribbonText":"","RPMultiplier":"1"},{"id":"02246521","text":"Mit basischen Mineralstoffen","webDetailPath":"arzneimittel/2246521/basentabs-ph-balance-pascoe.htm","stock":"product.stockStatus.available","active":false,"discount":"27","retailPrice":"1698","listPrice":"2332","packSize":"200 St","nowProductGroup":"sameday_nextday","attributes":["Lebensmittel","Nahrungsergänzungsmittel"],"productName":"Basentabs pH-balance Pascoe®","pricePerUnit":"","imageUrl":"https://cdn.shop-apotheke.com/images/basentabs-ph-balance-pascoe-tabletten-D02246521-p1.jpg","pharmaForm":"Tabletten","ribbonText":"","RPMultiplier":"1"}],"master":false,"marketplace":true,"nowProductGroup":"sameday_nextday","notOnStockMessage":"","stockStatusColor":"green","categoryCodes":["csd00001","csd00324","csd00350","csd00850","csd00851","csd00884","csd00898","csd01434","csd01461","root","catalogs","main","themeshop","csd02951","landingpages","csd03684"],"prices":{"listPrice":{"amount":23.32,"net":22.21,"currency":"EUR","info":{"index":1,"text":"AVP / UVP"}},"retailPrice":{"amount":16.98,"net":16.17,"currency":"EUR","info":{"index":1,"text":"AVP / UVP"}}},"calculatedRatingRanking":3.23,"objectID":"02246521","_highlightResult":{"activeSubstances":[{"value":"Kaliumhydrogencarbonat","matchLevel":"none","matchedWords":[]},{"value":"Magnesiumcarbonat","matchLevel":"none","matchedWords":[]},{"value":"Natriumhydrogencarbonat","matchLevel":"none","matchedWords":[]},{"value":"Dinatriumhydrogenphosphat","matchLevel":"none","matchedWords":[]},{"value":"Zinksulfat","matchLevel":"none","matchedWords":[]},{"value":"Calciumcarbonat","matchLevel":"none","matchedWords":[]}]},"_rankingInfo":{"nbTypos":0,"firstMatchedWord":0,"proximityDistance":0,"userScore":282,"geoDistance":0,"geoPrecision":1,"nbExactWords":0,"words":1,"filters":1,"personalization":{"score":0,"rankingScore":0,"filtersScore":0,"textualRelevanceBucket":1,"initialPosition":218,"newPosition":218}}},{"brandCode":"csd2649","pzn":"08444541","productName":"Otriven® gegen Schnupfen 0,1 % Dosierspray ohne Konservierungsstoffe","secondaryCategories":["Otriven","Schnupfen behandeln","Otriven","Reiseapotheke","Otriven","Hausapotheke / Familienapotheke","Black Friday®","30% und mehr","Erkältung & Grippe","Schnupfen","Black Friday®","Erkältungs-Produkte","Landingpages","100 Topseller","Landingpages","SHOP APOTHEKE NOW!"],"manufacturer":"GlaxoSmithKline Consumer Healthcare","pharmaForm":"Dosierspray","brand":"Otriven","brandIntern":"Otriven®","subBrandIntern":"","activeSubstances":["Xylometazolin hydrochlorid"],"additiveSubstances":["Dinatrium edetat-2-Wasser","Wasser, gereinigtes","Natriumchlorid","Natriumdihydrogenphosphat-2-Wasser","Dinatriumhydrogenphosphat-12-Wasser"],"additiveSubstancesHtml":"<ul><li>Dinatrium edetat-2-Wasser</li><li>Wasser, gereinigtes</li><li>Natriumchlorid</li><li>Natriumdihydrogenphosphat-2-Wasser</li><li>Dinatriumhydrogenphosphat-12-Wasser</li></ul>","descriptionShort":"Zur Abschwellung der Nasenschleimhaut bei akutem Schnupfen","keywords":[],"unit":"ml","unitQuantityString":"10","masterID":"08444541","indicationRanges":["Atemwegskrankheiten und grippale Infekte","Rhinologika, lokale Anwendung","Schnupfenmittel, Sympathomimetika-haltig"],"ratingCount":20,"averageRating":4.6,"attributes":["apothekenpflichtig","Arzneimittel"],"prescriptionMedicine":false,"price":321,"listPrice":418,"netRetailPrice":277,"priceFormatted":"€ 3,21","listPriceFormatted":"€ 4,18","potency":"","ifap":"Das Präparat ist ein Mittel zur Anwendung in der Nase (Rhinologikum) und enthält das Alpha-Sympathomimetikum Xylometazolin. Xylometazolin hat gefäßverengende Eigenschaften und bewirkt dadurch eine Schleimhautabschwellung. AnwendungsgebietZur Abschwellung der Nasenschleimhaut bei Schnupfen, anfallsweise auftretendem Fließschnupfen (Rhinitis vasomotorica), allergischem Schnupfen (Rhinitis allergica). Zur Erleichterung des Sekretabflusses bei Entzündungen der Nasennebenhöhlen sowie bei Katarrh des Tubenmittelohrs in Verbindung mit Schnupfen. Das Präparat ist für Erwachsene und Jugendliche über 12 Jahren bestimmt.","image":"https://cdn.shop-apotheke.com/images/otriven-gegen-schnupfen-0-1-dosierspray-ohne-konservierungsstoffe-dosierspray-D08444541-p1.jpg","hasImage":true,"deeplink":"arzneimittel/8444541/otriven-gegen-schnupfen-0-1-dosierspray-ohne-konservierungsstoffe.htm","applicablePromotions":"","variantDetails":"08444541|08444541|23|10 ml|321|arzneimittel/8444541/otriven-gegen-schnupfen-0-1-dosierspray-ohne-konservierungsstoffe.htm|product.stockStatus.available","stockStatus":"","stockStatusReason":"product.stockStatus.available","inStock":true,"pricePerUnit":"32,10 € / 100 ml","discountInPercent":23,"created":1445166324000,"lastChanged":1598571062000,"ratingsLink":"/produktbewertungen/8444541/otriven-gegen-schnupfen-0-1-dosierspray-ohne-konservierungsstoffe.htm","ean":"","RPMultiplier":1,"ribbonText":"","primaryCategory":["Die Online-Apotheke für Deutschland","Die Online-Apotheke für Deutschland/Arzneimittel & weitere Produkte ","Die Online-Apotheke für Deutschland/Arzneimittel & weitere Produkte /Auge, Nase & Ohr","Die Online-Apotheke für Deutschland/Arzneimittel & weitere Produkte /Auge, Nase & Ohr/Nase","Die Online-Apotheke für Deutschland/Arzneimittel & weitere Produkte /Auge, Nase & Ohr/Nase/Schnupfen"],"topsellerCountBucket":11,"filterAttributes":[],"filterRating":0.4,"packSize":"10 ml","variants":[{"id":"08444541","text":"Zur Abschwellung der Nasenschleimhaut bei akutem Schnupfen","webDetailPath":"arzneimittel/8444541/otriven-gegen-schnupfen-0-1-dosierspray-ohne-konservierungsstoffe.htm","stock":"product.stockStatus.available","active":true,"discount":"23","retailPrice":"321","listPrice":"418","packSize":"10 ml","nowProductGroup":"nextday","attributes":["apothekenpflichtig","Arzneimittel"],"productName":"Otriven® gegen Schnupfen 0,1 % Dosierspray ohne Konservierungsstoffe","pricePerUnit":"32,10 € / 100 ml","imageUrl":"https://cdn.shop-apotheke.com/images/otriven-gegen-schnupfen-0-1-dosierspray-ohne-konservierungsstoffe-dosierspray-D08444541-p1.jpg","pharmaForm":"Dosierspray","ribbonText":"","RPMultiplier":"1"}],"master":true,"marketplace":true,"nowProductGroup":"nextday","notOnStockMessage":"","stockStatusColor":"green","categoryCodes":["csd00001","csd00020","csd00028","csd00033","csd00061","csd01060","root","catalogs","main","brandshop","csd01373","csd01375","csd01381","csd01382","csd01434","csd02271","csd02859","csd02862","landingpages","csd03339","csd03344"],"prices":{"listPrice":{"amount":4.18,"net":3.6,"currency":"EUR","info":{"index":1,"text":"AVP / UVP"}},"retailPrice":{"amount":3.21,"net":2.77,"currency":"EUR","info":{"index":1,"text":"AVP / UVP"}}},"calculatedRatingRanking":3.1,"objectID":"08444541","_highlightResult":{"activeSubstances":[{"value":"Xylometazolin hydrochlorid","matchLevel":"none","matchedWords":[]}]},"_rankingInfo":{"nbTypos":0,"firstMatchedWord":0,"proximityDistance":0,"userScore":281,"geoDistance":0,"geoPrecision":1,"nbExactWords":0,"words":1,"filters":1,"personalization":{"score":0,"rankingScore":0,"filtersScore":0,"textualRelevanceBucket":1,"initialPosition":219,"newPosition":219}}},{"brandCode":"csd02090","pzn":"00949649","productName":"Soventol® Gel","secondaryCategories":["Ratgeber","Wundheilung","Landingpages","Reise Top 20","Landingpages","Medice Reiseapotheke: Gesund durch den Urlaub!","Reiseapotheke","Sonnenbrand, Insektenstichen & Allergien","Black Friday®","40% und mehr","Landingpages","Topseller Allergie","Produkt-Promotions CRM","SHOP APOTHEKE NOW! Allergie","Landingpages","Unsere Top-Produkte","Landingpages","NOW! Reiseapotheke","Landingpages","Top Kunden Sommer","Landingpages","SHOP APOTHEKE NOW!","Healthy Deals","Healthy Deals Reiseapotheke","Healthy Deals","Healthy Deals Aktionsprodukte","Landingpages","Insektenschutz & Sonnenbrand","Landingpages","RedPoints Sommeraktion","Landingpages","Sommerliche Erfrischung","Landingpages","Healthy Deals App-Angebote"],"manufacturer":"MEDICE Arzneimittel Pütter GmbH&Co.KG","pharmaForm":"Gel","brand":"Soventol","brandIntern":"Soventol®","subBrandIntern":"","activeSubstances":["Bamipin[(RS)-lactat]"],"additiveSubstances":["Hypromellose","Poly(oxyethylen)-6-glycerol(mono/di)alkanoat (C8-C10)","Wasser, gereinigtes","Propylenglycol"],"additiveSubstancesHtml":"<ul><li>Hypromellose</li><li>Poly(oxyethylen)-6-glycerol(mono/di)alkanoat (C8-C10)</li><li>Wasser, gereinigtes</li><li>Propylenglycol</li></ul>","descriptionShort":"Wirkt antiallergisch, abschwellend und kühlend bei Insektenstichen/Juckreiz","keywords":["mücken","mückenstich","juckreiz","insekten"],"unit":"g","unitQuantityString":"50","masterID":"00949632","indicationRanges":["Antiallergika","Externa","Corticoidfreie"],"ratingCount":22,"averageRating":4.59,"attributes":["apothekenpflichtig","Arzneimittel"],"prescriptionMedicine":false,"price":786,"listPrice":1221,"netRetailPrice":678,"priceFormatted":"€ 7,86","listPriceFormatted":"€ 12,21","potency":"","ifap":"Das Präparat ist ein Antihistaminikum. Das Arzneimittel wird angewendet zur Linderung von leicht bis mittelstark ausgeprägten Reaktionen auf Insektenstiche (z.B. Mückenstiche) mit Juckreiz.","image":"https://cdn.shop-apotheke.com/images/soventol-gel-gel-D00949649-p1.jpg","hasImage":true,"deeplink":"arzneimittel/949649/soventol-gel.htm","applicablePromotions":"","variantDetails":"00949632|00949649|36|50 g|786|arzneimittel/949649/soventol-gel.htm|product.stockStatus.available","stockStatus":"","stockStatusReason":"product.stockStatus.available","inStock":true,"pricePerUnit":"15,72 € / 100 g","discountInPercent":36,"created":1445172918000,"lastChanged":1598579133000,"ratingsLink":"/produktbewertungen/949649/soventol-gel.htm","ean":"","RPMultiplier":1,"ribbonText":"","primaryCategory":["Die Online-Apotheke für Deutschland","Die Online-Apotheke für Deutschland/Arzneimittel & weitere Produkte ","Die Online-Apotheke für Deutschland/Arzneimittel & weitere Produkte /Allergie & Asthma","Die Online-Apotheke für Deutschland/Arzneimittel & weitere Produkte /Allergie & Asthma/Allergische Hautreaktion"],"topsellerCountBucket":11,"filterAttributes":[],"filterRating":0.41,"packSize":"50 g","variants":[{"id":"00949632","text":"Wirkt antiallergisch, abschwellend und kühlend bei Insektenstichen/Juckreiz","webDetailPath":"arzneimittel/949632/soventol-gel.htm","stock":"product.stockStatus.available","active":true,"discount":"28","retailPrice":"440","listPrice":"609","packSize":"20 g","nowProductGroup":"sameday_nextday","attributes":["apothekenpflichtig","Arzneimittel"],"productName":"Soventol® Gel","pricePerUnit":"22,00 € / 100 g","imageUrl":"https://cdn.shop-apotheke.com/images/soventol-gel-gel-D00949632-p1.jpg","pharmaForm":"Gel","ribbonText":"","RPMultiplier":"1"},{"id":"00949649","text":"Wirkt antiallergisch, abschwellend und kühlend bei Insektenstichen/Juckreiz","webDetailPath":"arzneimittel/949649/soventol-gel.htm","stock":"product.stockStatus.available","active":false,"discount":"36","retailPrice":"786","listPrice":"1221","packSize":"50 g","nowProductGroup":"sameday_nextday","attributes":["apothekenpflichtig","Arzneimittel"],"productName":"Soventol® Gel","pricePerUnit":"15,72 € / 100 g","imageUrl":"https://cdn.shop-apotheke.com/images/soventol-gel-gel-D00949649-p1.jpg","pharmaForm":"Gel","ribbonText":"","RPMultiplier":"1"}],"master":false,"marketplace":true,"nowProductGroup":"sameday_nextday","notOnStockMessage":"","stockStatusColor":"green","categoryCodes":["csd00001","csd00010","csd00014","root","catalogs","main","themeshop","csd01431","csd00077","csd00116","csd01569","csd01434","csd02271","csd02272","landingpages","csd03057","csd03109","csd03290","csd03339","csd03987","csd03988","csd03340","csd03461","csd03476","csd03506","csd02968","csd03569","csd03635","csd03715","csd04004","csd04394","csd04411"],"prices":{"listPrice":{"amount":12.21,"net":10.53,"currency":"EUR","info":{"index":1,"text":"AVP / UVP"}},"retailPrice":{"amount":7.86,"net":6.78,"currency":"EUR","info":{"index":1,"text":"AVP / UVP"}}},"calculatedRatingRanking":3.14,"objectID":"00949649","_highlightResult":{"activeSubstances":[{"value":"Bamipin[(RS)-lactat]","matchLevel":"none","matchedWords":[]}]},"_rankingInfo":{"nbTypos":0,"firstMatchedWord":0,"proximityDistance":0,"userScore":280,"geoDistance":0,"geoPrecision":1,"nbExactWords":0,"words":1,"filters":1,"personalization":{"score":0,"rankingScore":0,"filtersScore":0,"textualRelevanceBucket":1,"initialPosition":220,"newPosition":220}}},{"brandCode":"csd2785","pzn":"01853561","productName":"vitasprint B12 Trinkfläschchen","secondaryCategories":["Ratgeber","Vitamin B 12","Geschenke Themenwelt","Gesundheit schenken","Geschenke aus der Apotheke","Geschenksets","Geschenke nach Budget","Geschenke bis 50 Euro","Vitaminpräparate","Vitamin B","Valentins-Special","Geschenksets für Sie & Ihn","Valentinstag-Special","Valentinstagsgeschenksets","Black Friday®","Geschenksets","Muttertags-Special","Geschenksets zum Muttertag","Oster-Special","Geschenksets zu Ostern","Sportlernährstoffe","Vitamin B","Landingpages","Abo Produkte","Landingpages","SHOP APOTHEKE NOW!"],"manufacturer":"Pfizer Consumer Healthcare GmbH","pharmaForm":"Trinkampullen","brand":"vitasprint","brandIntern":"vitasprint B12","subBrandIntern":"","activeSubstances":["DL-O-Phosphoserin (Lösungsmittelflasche)","Cyanocobalamin (Lösungsmittelflasche)","Glutamin (Deckel)"],"additiveSubstances":["Himbeer-Aroma (Lösungsmittelflasche)","Natriumhydroxid zur pH-Wert-Einstellung (Lösungsmittelflasche)","Mannitol (Lösungsmittelflasche)","Wasser, gereinigtes (Lösungsmittelflasche)","Natrium-4-methoxycarbonylphenolat (Lösungsmittelflasche)","Sorbitol 70 (Lösungsmittelflasche)"],"additiveSubstancesHtml":"<ul><li>Himbeer-Aroma (Lösungsmittelflasche)</li><li>Natriumhydroxid zur pH-Wert-Einstellung (Lösungsmittelflasche)</li><li>Mannitol (Lösungsmittelflasche)</li><li>Wasser, gereinigtes (Lösungsmittelflasche)</li><li>Natrium-4-methoxycarbonylphenolat (Lösungsmittelflasche)</li><li>Sorbitol 70 (Lösungsmittelflasche)</li></ul>","descriptionShort":"Zur Stärkung und Kräftigung des Allgemeinbefindens","keywords":["vitasprint","vitasprint","BegriffoderPZNeingeben"],"unit":"St","unitQuantityString":"30","masterID":"01843551","indicationRanges":["Aufbaumittel","Stärkungsmittel","Allgemeine"],"ratingCount":326,"averageRating":4.56,"attributes":["Arzneimittel","ABO"],"prescriptionMedicine":false,"price":5281,"listPrice":0,"netRetailPrice":4553,"priceFormatted":"€ 52,81","listPriceFormatted":"","potency":"","ifap":"Das Präparat ist ein traditionelles Arzneimittel, das zur Besserung des Allgemeinbefindens angewendet wird.","image":"https://cdn.shop-apotheke.com/images/vitasprint-b12-trinkflaeschchen-trinkampullen-D01853561-p1.jpg","hasImage":true,"deeplink":"fitness/1853561/vitasprint-b12-trinkflaeschchen.htm","applicablePromotions":"","variantDetails":"01843551|01853561|0|30 St|5281|fitness/1853561/vitasprint-b12-trinkflaeschchen.htm|product.stockStatus.available","stockStatus":"","stockStatusReason":"product.stockStatus.available","inStock":true,"pricePerUnit":"","discountInPercent":0,"created":1445167808000,"lastChanged":1598601116000,"ratingsLink":"/produktbewertungen/1853561/vitasprint-b12-trinkflaeschchen.htm","ean":"4260639690706","RPMultiplier":1,"ribbonText":"","primaryCategory":["Die Online-Apotheke für Deutschland","Die Online-Apotheke für Deutschland/Ernährung, Sport & Abnehmen","Die Online-Apotheke für Deutschland/Ernährung, Sport & Abnehmen/Ernährung","Die Online-Apotheke für Deutschland/Ernährung, Sport & Abnehmen/Ernährung/Stärkungsmittel"],"topsellerCountBucket":11,"filterAttributes":["ABO"],"filterRating":0.44,"packSize":"30 St","variants":[{"id":"01843551","text":"Zur Stärkung oder Kräftigung des Allgemeinbefindens","webDetailPath":"arzneimittel/1843551/vitasprint-b12-trinkflaeschchen.htm","stock":"product.stockStatus.available","active":true,"discount":"0","retailPrice":"2377","listPrice":"0","packSize":"10 St","nowProductGroup":"nextday","attributes":["Arzneimittel","ABO"],"productName":"vitasprint B12 Trinkfläschchen","pricePerUnit":"","imageUrl":"https://cdn.shop-apotheke.com/images/vitasprint-b12-trinkflaeschchen-trinkampullen-D01843551-p1.jpg","pharmaForm":"Trinkampullen","ribbonText":"","RPMultiplier":"1"},{"id":"01853561","text":"Zur Stärkung und Kräftigung des Allgemeinbefindens","webDetailPath":"fitness/1853561/vitasprint-b12-trinkflaeschchen.htm","stock":"product.stockStatus.available","active":false,"discount":"0","retailPrice":"5281","listPrice":"0","packSize":"30 St","nowProductGroup":"nextday","attributes":["Arzneimittel","ABO"],"productName":"vitasprint B12 Trinkfläschchen","pricePerUnit":"","imageUrl":"https://cdn.shop-apotheke.com/images/vitasprint-b12-trinkflaeschchen-trinkampullen-D01853561-p1.jpg","pharmaForm":"Trinkampullen","ribbonText":"","RPMultiplier":"1"},{"id":"01853331","text":"Zur Stärkung oder Kräftigung des Allgemeinbefindens","webDetailPath":"fitness/1853331/vitasprint-b12-trinkflaeschchen.htm","stock":"product.stockStatus.available","active":false,"discount":"0","retailPrice":"16685","listPrice":"0","packSize":"100 St","nowProductGroup":"none","attributes":["Arzneimittel"],"productName":"vitasprint B12 Trinkfläschchen","pricePerUnit":"","imageUrl":"https://cdn.shop-apotheke.com/images/vitasprint-b12-trinkflaeschchen-trinkampullen-D01853331-p1.jpg","pharmaForm":"Trinkampullen","ribbonText":"","RPMultiplier":"1"}],"master":false,"marketplace":true,"nowProductGroup":"nextday","notOnStockMessage":"","stockStatusColor":"green","categoryCodes":["csd03575","csd03576","csd00007","csd00001","csd00324","csd00352","csd00356","root","catalogs","main","themeshop","csd01141","csd01446","csd01448","csd02764","csd01457","csd02770","csd01458","csd01434","csd02271","csd02276","csd02768","csd02834","csd02352","csd02956","csd01450","csd03054","csd01435","csd03337","landingpages","csd03339","csd00283","csd03623","csd03633","csd03692"],"prices":{"listPrice":null,"retailPrice":{"amount":52.81,"net":45.53,"currency":"EUR","info":{"index":1,"text":"AVP / UVP"}}},"calculatedRatingRanking":4.29,"objectID":"01853561","_highlightResult":{"activeSubstances":[{"value":"DL-O-Phosphoserin (Lösungsmittelflasche)","matchLevel":"none","matchedWords":[]},{"value":"Cyanocobalamin (Lösungsmittelflasche)","matchLevel":"none","matchedWords":[]},{"value":"Glutamin (Deckel)","matchLevel":"none","matchedWords":[]}]},"_rankingInfo":{"nbTypos":0,"firstMatchedWord":0,"proximityDistance":0,"userScore":279,"geoDistance":0,"geoPrecision":1,"nbExactWords":0,"words":1,"filters":1,"personalization":{"score":0,"rankingScore":0,"filtersScore":0,"textualRelevanceBucket":1,"initialPosition":221,"newPosition":221}}},{"brandCode":"csd2810","pzn":"13751860","productName":"Wobenzym®","secondaryCategories":["Enzyme","weitere Enzyme","Muskeln, Knochen & Gelenke","Rheuma & Arthrose","Muskeln, Knochen & Gelenke","Gelenkschmerzen","Muskeln, Knochen & Gelenke","Nahrungsergänzungsmittel","Black Friday®","30% und mehr","Landingpages","NOW! Schmerzen","Geschenke Themenwelt","Gesundheit schenken","Black Friday®","Wohl durch den Winter","Landingpages","SHOP APOTHEKE NOW!"],"manufacturer":"MUCOS Pharma GmbH & Co. KG","pharmaForm":"Tabletten magensaftresistent","brand":"Wobenzym","brandIntern":"Wobenzym®","subBrandIntern":"","activeSubstances":["Ananasstamm-Bromelaine 67,5-76,5 mg","Rutosid-3-Wasser","Trypsin 32-48 mg"],"additiveSubstances":["Stearinsäure","Maltodextrin","Triethylcitrat","Methacrylsäure-Methylmethacrylat-Copolymer (1:1)","Siliciumdioxid, hochdisperses","Maisstärke, vorverkleistert","Magnesium stearat (pflanzlich)","Wasser, gereinigtes","Vanillin","Lactose-1-Wasser höchstens","Macrogol 6000","Titandioxid","Talkum"],"additiveSubstancesHtml":"<ul><li>Stearinsäure</li><li>Maltodextrin</li><li>Triethylcitrat</li><li>Methacrylsäure-Methylmethacrylat-Copolymer (1:1)</li><li>Siliciumdioxid, hochdisperses</li><li>Maisstärke, vorverkleistert</li><li>Magnesium stearat (pflanzlich)</li><li>Wasser, gereinigtes</li><li>Vanillin</li><li>Lactose-1-Wasser höchstens</li><li>Macrogol 6000</li><li>Titandioxid</li><li>Talkum</li></ul>","descriptionShort":"Zur unterstützenden Behandlung von Erwachsenen bei Schwellungen, Entzündungen oder Schmerzen","keywords":["Gelenkschmerzen","Gelenkschmerz","Arthrose","Rheuma","Enzym","Enzyme","Bromelain","Bromelain Tabletten","Venenentzündung","Venenentzündung Bein","Venenentzündung Arm","Venenentzündung Fuß","Schwere Beine","Venen stärken","Venenprobleme","Krampfadern","Geschwollene Beine","Schmerzende Beine","Venenleiden","Schmerz in der Schulter","Arthrose Finger","Entzündungshermmer","Gelenkentzündung","Entzündung Behandlung","Entzündung im Fuß","Fingerarthrose","Arthrose im Fuß","Entzündung in der Schulter","Schwellung","Schwellungen"],"unit":"St","unitQuantityString":"800","masterID":"13751831","indicationRanges":["Enzyme und Enzyminhibitoren","Enzyme","Entzündungshemmende Enzyme"],"ratingCount":300,"averageRating":4.55,"attributes":["apothekenpflichtig","Arzneimittel"],"prescriptionMedicine":false,"price":14225,"listPrice":20384,"netRetailPrice":12263,"priceFormatted":"€ 142,25","listPriceFormatted":"€ 203,84","potency":"","ifap":"","image":"https://cdn.shop-apotheke.com/images/wobenzym-tabletten-magensaftresistent-D13751860-p1.jpg","hasImage":true,"deeplink":"arzneimittel/13751860/wobenzym.htm","applicablePromotions":"","variantDetails":"13751831|13751860|30|800 St|14225|arzneimittel/13751860/wobenzym.htm|product.stockStatus.available","stockStatus":"","stockStatusReason":"product.stockStatus.available","inStock":true,"pricePerUnit":"","discountInPercent":30,"created":1516013415000,"lastChanged":1598572501000,"ratingsLink":"/produktbewertungen/13751860/wobenzym.htm","ean":"4030142018003","RPMultiplier":1,"ribbonText":"","primaryCategory":["Die Online-Apotheke für Deutschland","Die Online-Apotheke für Deutschland/Arzneimittel & weitere Produkte ","Die Online-Apotheke für Deutschland/Arzneimittel & weitere Produkte /Schmerzen","Die Online-Apotheke für Deutschland/Arzneimittel & weitere Produkte /Schmerzen/Muskel- & Gelenkschmerzen"],"topsellerCountBucket":11,"filterAttributes":[],"filterRating":0.45,"packSize":"800 St","variants":[{"id":"13751831","text":"Zur unterstützenden Behandlung von Erwachsenen bei Schwellungen, Entzündungen oder Schmerzen","webDetailPath":"arzneimittel/13751831/wobenzym.htm","stock":"product.stockStatus.available","active":true,"discount":"22","retailPrice":"3030","listPrice":"3894","packSize":"100 St","nowProductGroup":"sameday_nextday","attributes":["apothekenpflichtig","Arzneimittel"],"productName":"Wobenzym®","pricePerUnit":"","imageUrl":"https://cdn.shop-apotheke.com/images/wobenzym-tabletten-magensaftresistent-D13751831-p1.jpg","pharmaForm":"Tabletten magensaftresistent","ribbonText":"","RPMultiplier":"1"},{"id":"13751848","text":"Zur unterstützenden Behandlung von Erwachsenen bei Schwellungen, Entzündungen oder Schmerzen","webDetailPath":"arzneimittel/13751848/wobenzym.htm","stock":"product.stockStatus.available","active":false,"discount":"22","retailPrice":"5351","listPrice":"6822","packSize":"200 St","nowProductGroup":"sameday_nextday","attributes":["apothekenpflichtig","Arzneimittel"],"productName":"Wobenzym®","pricePerUnit":"","imageUrl":"https://cdn.shop-apotheke.com/images/wobenzym-tabletten-magensaftresistent-D13751848-p1.jpg","pharmaForm":"Tabletten magensaftresistent","ribbonText":"","RPMultiplier":"1"},{"id":"13751854","text":"Zur unterstützenden Behandlung von Erwachsenen bei Schwellungen, Entzündungen oder Schmerzen","webDetailPath":"arzneimittel/13751854/wobenzym.htm","stock":"product.stockStatus.available","active":false,"discount":"21","retailPrice":"7996","listPrice":"10133","packSize":"360 St","nowProductGroup":"sameday_nextday","attributes":["apothekenpflichtig","Arzneimittel"],"productName":"Wobenzym®","pricePerUnit":"","imageUrl":"https://cdn.shop-apotheke.com/images/wobenzym-tabletten-magensaftresistent-D13751854-p1.jpg","pharmaForm":"Tabletten magensaftresistent","ribbonText":"","RPMultiplier":"1"},{"id":"13751860","text":"Zur unterstützenden Behandlung von Erwachsenen bei Schwellungen, Entzündungen oder Schmerzen","webDetailPath":"arzneimittel/13751860/wobenzym.htm","stock":"product.stockStatus.available","active":false,"discount":"30","retailPrice":"14225","listPrice":"20384","packSize":"800 St","nowProductGroup":"sameday_nextday","attributes":["apothekenpflichtig","Arzneimittel"],"productName":"Wobenzym®","pricePerUnit":"","imageUrl":"https://cdn.shop-apotheke.com/images/wobenzym-tabletten-magensaftresistent-D13751860-p1.jpg","pharmaForm":"Tabletten magensaftresistent","ribbonText":"","RPMultiplier":"1"}],"master":false,"marketplace":true,"nowProductGroup":"sameday_nextday","notOnStockMessage":"","stockStatusColor":"green","categoryCodes":["csd00001","csd00269","csd00276","csd00263","csd00266","csd00324","csd00325","csd00327","csd01121","csd02764","csd02770","csd01458","csd02707","csd01434","csd02271","csd02859","root","catalogs","main","landingpages","csd03339","csd03475","csd03668"],"prices":{"listPrice":{"amount":203.84,"net":175.72,"currency":"EUR","info":{"index":1,"text":"AVP / UVP"}},"retailPrice":{"amount":142.25,"net":122.63,"currency":"EUR","info":{"index":1,"text":"AVP / UVP"}}},"calculatedRatingRanking":4.26,"objectID":"13751860","_highlightResult":{"activeSubstances":[{"value":"<ais-highlight-0000000000>A</ais-highlight-0000000000>nanasstamm-Bromelaine 67,5-76,5 mg","matchLevel":"full","fullyHighlighted":false,"matchedWords":["a"]},{"value":"Rutosid-3-Wasser","matchLevel":"none","matchedWords":[]},{"value":"Trypsin 32-48 mg","matchLevel":"none","matchedWords":[]}]},"_rankingInfo":{"nbTypos":0,"firstMatchedWord":0,"proximityDistance":0,"userScore":278,"geoDistance":0,"geoPrecision":1,"nbExactWords":0,"words":1,"filters":1,"personalization":{"score":0,"rankingScore":0,"filtersScore":0,"textualRelevanceBucket":1,"initialPosition":222,"newPosition":222}}},{"brandCode":"csd2435","pzn":"02246426","productName":"FRONTLINE® Katze gegen Zecken und Flöhe","secondaryCategories":["Markenshops","Flöhe bei Hund und Katze","Ratgeber","Zecken und Flöhe bei Tieren","Zecken und Flöhe bei Tieren","Zecke","Zecken und Flöhe bei Tieren","Floh","Tierapotheke","Reisen mit Hund und Katze"],"manufacturer":"Boehringer Ingelheim VETMEDICA GmbH","pharmaForm":"Lösung","brand":"FRONTLINE Spot-on","brandIntern":"FRONTLINE®","subBrandIntern":"Spot on","activeSubstances":["Fipronil"],"additiveSubstances":["Butylhydroxyanisol","Diethylenglycolmonoethylether","Povidon K17","Butylhydroxytoluol","Polysorbat 80","Ethanol"],"additiveSubstancesHtml":"<ul><li>Butylhydroxyanisol</li><li>Diethylenglycolmonoethylether</li><li>Povidon K17</li><li>Butylhydroxytoluol</li><li>Polysorbat 80</li><li>Ethanol</li></ul>","descriptionShort":"Spot On: zuverlässiger Schutz vor Zecken und Flöhen bei Katzen. Gut verträglich. Einfache und sichere Anwendung","keywords":["kontakt-antiparasitikum","Zecke","Spot-On","flöhe","zeke","zecken"],"unit":"ml","unitQuantityString":"6X0,5","masterID":"00662907","indicationRanges":["Veterinärpräparat"],"ratingCount":203,"averageRating":4.5,"attributes":["apothekenpflichtig","für Tiere","Arzneimittel"],"prescriptionMedicine":false,"price":2537,"listPrice":3795,"netRetailPrice":2187,"priceFormatted":"€ 25,37","listPriceFormatted":"€ 37,95","potency":"","ifap":"","image":"https://cdn.shop-apotheke.com/images/frontline-katze-gegen-zecken-und-floehe-loesung-D02246426-p1.jpg","hasImage":true,"deeplink":"tiergesundheit/2246426/frontline-katze-gegen-zecken-und-floehe.htm","applicablePromotions":"","variantDetails":"00662907|02246426|33|6X0,5 ml|2537|tiergesundheit/2246426/frontline-katze-gegen-zecken-und-floehe.htm|product.stockStatus.available","stockStatus":"","stockStatusReason":"product.stockStatus.available","inStock":true,"pricePerUnit":"845,67 € / 100 ml","discountInPercent":33,"created":1445166314000,"lastChanged":1598579614000,"ratingsLink":"/produktbewertungen/2246426/frontline-katze-gegen-zecken-und-floehe.htm","ean":"3661103009849","RPMultiplier":1,"ribbonText":"","primaryCategory":["Die Online-Apotheke für Deutschland","Die Online-Apotheke für Deutschland/Tierapotheke","Die Online-Apotheke für Deutschland/Tierapotheke/Katze","Die Online-Apotheke für Deutschland/Tierapotheke/Katze/Flöhe, Zecken, Haarlinge & Co"],"topsellerCountBucket":11,"filterAttributes":["für Tiere"],"filterRating":0.5,"packSize":"6X0,5 ml","variants":[{"id":"00662907","text":"Spot On: zuverlässiger Schutz vor Zecken und Flöhen bei Katzen. Gut verträglich. Einfache und sichere Anwendung","webDetailPath":"tiergesundheit/662907/frontline-katze-gegen-zecken-und-floehe.htm","stock":"product.stockStatus.available","active":true,"discount":"22","retailPrice":"1873","listPrice":"2395","packSize":"3X0,5 ml","nowProductGroup":"sameday_nextday","attributes":["apothekenpflichtig","für Tiere","Arzneimittel"],"productName":"FRONTLINE® Katze gegen Zecken und Flöhe","pricePerUnit":"1.248,67 € / 100 ml","imageUrl":"https://cdn.shop-apotheke.com/images/frontline-katze-gegen-zecken-und-floehe-loesung-D00662907-p1.jpg","pharmaForm":"Lösung","ribbonText":"","RPMultiplier":"1"},{"id":"02246426","text":"Spot On: zuverlässiger Schutz vor Zecken und Flöhen bei Katzen. Gut verträglich. Einfache und sichere Anwendung","webDetailPath":"tiergesundheit/2246426/frontline-katze-gegen-zecken-und-floehe.htm","stock":"product.stockStatus.available","active":false,"discount":"33","retailPrice":"2537","listPrice":"3795","packSize":"6X0,5 ml","nowProductGroup":"sameday_nextday","attributes":["apothekenpflichtig","für Tiere","Arzneimittel"],"productName":"FRONTLINE® Katze gegen Zecken und Flöhe","pricePerUnit":"845,67 € / 100 ml","imageUrl":"https://cdn.shop-apotheke.com/images/frontline-katze-gegen-zecken-und-floehe-loesung-D02246426-p1.jpg","pharmaForm":"Lösung","ribbonText":"","RPMultiplier":"1"}],"master":false,"marketplace":true,"nowProductGroup":"sameday_nextday","notOnStockMessage":"","stockStatusColor":"green","categoryCodes":["csd00975","csd01002","csd01009","csd02418","root","catalogs","main","themeshop","csd02955","csd02957","csd02958","brandshop","csd1684"],"prices":{"listPrice":{"amount":37.95,"net":32.72,"currency":"EUR","info":{"index":1,"text":"AVP / UVP"}},"retailPrice":{"amount":25.37,"net":21.87,"currency":"EUR","info":{"index":1,"text":"AVP / UVP"}}},"calculatedRatingRanking":4.1,"objectID":"02246426","_highlightResult":{"activeSubstances":[{"value":"Fipronil","matchLevel":"none","matchedWords":[]}]},"_rankingInfo":{"nbTypos":0,"firstMatchedWord":0,"proximityDistance":0,"userScore":277,"geoDistance":0,"geoPrecision":1,"nbExactWords":0,"words":1,"filters":1,"personalization":{"score":0,"rankingScore":0,"filtersScore":0,"textualRelevanceBucket":1,"initialPosition":223,"newPosition":223}}},{"brandCode":"csd02745","pzn":"03754403","productName":"VitA POS®","secondaryCategories":["HYLO<sup>®</sup> EYE CARE","trockene Augen","Landingpages","Trockenes Auge","Black Friday®","30% und mehr","Landingpages","SHOP APOTHEKE NOW!","Healthy Deals","RedPoints-Aktion"],"manufacturer":"URSAPHARM Arzneimittel GmbH","pharmaForm":"Augensalbe","brand":"VitA-Pos","brandIntern":"VitA POS®","subBrandIntern":"","activeSubstances":["Retinol palmitat"],"additiveSubstances":["Paraffin, dünnflüssiges","Paraffin, dickflüssiges","Vaselin, weißes","Wollwachs"],"additiveSubstancesHtml":"<ul><li>Paraffin, dünnflüssiges</li><li>Paraffin, dickflüssiges</li><li>Vaselin, weißes</li><li>Wollwachs</li></ul>","descriptionShort":"Zur Verbesserung des Tränenfilms und Schutz der Augenoberfläche","keywords":[],"unit":"g","unitQuantityString":"5","masterID":"03754403","indicationRanges":["Ophthalmika","Vitamine","Vitamin A"],"ratingCount":43,"averageRating":4.49,"attributes":[],"prescriptionMedicine":false,"price":497,"listPrice":668,"netRetailPrice":428,"priceFormatted":"€ 4,97","listPriceFormatted":"€ 6,68","potency":"","ifap":"Das Präparat verbessert den Tränenfilm und schützt die Augenoberfläche. Das Präparat ist eine besonders weiche und geschmeidige Augensalbe, die sich sehr gut auf der Augenoberfläche verteilt. Das darin enthaltene Vitamin A ist ein natürlicher Bestandteil des Tränenfilms, der die gute Verträglichkeit der Salbe unterstützt und dafür sorgt, dass sich die Salbe gut mit den vorhandenen Tränen vermischt. Dadurch wird das Gefühl brennende, trockene oder müde Augen zu haben, gelindert. Die Augenlider gleiten problemlos über Horn- und Bindehaut. Unter Einfluss von Klimaanlagen, z. B. im Auto oder Flugzeug, Wind, Kälte, starker Sonneneinstrahlung, schlechter Luft oder Zigarettenrauch kommt es häufig zu brennenden oder juckenden Augen mit einem Trockenheits- oder Fremdkörpergefühl. Auch durch konzentriertes Sehen, z. B. bei langer Bildschirmarbeit, Fernsehen oder nächtlichen Autofahrten können diese Beschwerden auftreten. Werden außerdem Kontaktlinsen getragen, ist das Risiko dieser Befindlichkeitsstörungen um so größer. Das Präparat lindert diese Symptome und bildet einen angenehmen, lang haftenden Schutzfilm auf den Augen. Die fettreiche Konsistenz der Salbe führt zu einer leichten Beeinträchtigung der Sehleistung. Deshalb sollte das Präparat vor allem vor dem Zubettgehen angewandt werden. Etwaige Beschwerden beim ersten morgendlichen Öffnen der Augen lassen sich mit diesem Präparat verhindern.","image":"https://cdn.shop-apotheke.com/images/vita-pos-augensalbe-D03754403-p1.jpg","hasImage":true,"deeplink":"arzneimittel/3754403/vita-pos.htm","applicablePromotions":"","variantDetails":"03754403|03754403|26|5 g|497|arzneimittel/3754403/vita-pos.htm|product.stockStatus.available","stockStatus":"","stockStatusReason":"product.stockStatus.available","inStock":true,"pricePerUnit":"99,40 € / 100 g","discountInPercent":26,"created":1445163917000,"lastChanged":1598569614000,"ratingsLink":"/produktbewertungen/3754403/vita-pos.htm","ean":"","RPMultiplier":1,"ribbonText":"","primaryCategory":["Die Online-Apotheke für Deutschland","Die Online-Apotheke für Deutschland/Arzneimittel & weitere Produkte ","Die Online-Apotheke für Deutschland/Arzneimittel & weitere Produkte /Auge, Nase & Ohr","Die Online-Apotheke für Deutschland/Arzneimittel & weitere Produkte /Auge, Nase & Ohr/Auge","Die Online-Apotheke für Deutschland/Arzneimittel & weitere Produkte /Auge, Nase & Ohr/Auge/Augenreizungen"],"topsellerCountBucket":11,"filterAttributes":[],"filterRating":0.51,"packSize":"5 g","variants":[{"id":"03754403","text":"Zur Verbesserung des Tränenfilms und Schutz der Augenoberfläche","webDetailPath":"arzneimittel/3754403/vita-pos.htm","stock":"product.stockStatus.available","active":true,"discount":"26","retailPrice":"497","listPrice":"668","packSize":"5 g","nowProductGroup":"sameday_nextday","attributes":[],"productName":"VitA POS®","pricePerUnit":"99,40 € / 100 g","imageUrl":"https://cdn.shop-apotheke.com/images/vita-pos-augensalbe-D03754403-p1.jpg","pharmaForm":"Augensalbe","ribbonText":"","RPMultiplier":"1"}],"master":true,"marketplace":true,"nowProductGroup":"sameday_nextday","notOnStockMessage":"","stockStatusColor":"green","categoryCodes":["csd00001","csd00020","csd00021","csd00023","root","catalogs","main","landingpages","csd02477","csd01434","csd02271","csd02859","csd02968","csd03288","csd03339","brandshop","csd1742","csd1743"],"prices":{"listPrice":{"amount":6.68,"net":5.76,"currency":"EUR","info":{"index":1,"text":"AVP / UVP"}},"retailPrice":{"amount":4.97,"net":4.28,"currency":"EUR","info":{"index":1,"text":"AVP / UVP"}}},"calculatedRatingRanking":3.42,"objectID":"03754403","_highlightResult":{"activeSubstances":[{"value":"Retinol palmitat","matchLevel":"none","matchedWords":[]}]},"_rankingInfo":{"nbTypos":0,"firstMatchedWord":0,"proximityDistance":0,"userScore":276,"geoDistance":0,"geoPrecision":1,"nbExactWords":0,"words":1,"filters":1,"personalization":{"score":0,"rankingScore":0,"filtersScore":0,"textualRelevanceBucket":1,"initialPosition":224,"newPosition":224}}},{"brandCode":"csd01907","pzn":"13167925","productName":"Eucerin® Hyaluron-Filler Tagespflege für normale bis Mischhaut + 100ml Eucerin® DermatoCLEAN 3in1 Reinigungsfluid GRATIS","secondaryCategories":["Hautbedürfnisse","Anti-Age","Anti-Age","Hyaluron-Filler","Eucerin","Anti-Age","Produktserien","Hyaluron Filler","Eucerin","Anti-Age","Landingpages","Unser WM Kader steht - jetzt mit Redpoints punkten!","Healthy Deals","Beauty Spar-Angebote","Landingpages","Topseller","Geschenke für Sie & Ihn","Geschenke für Sie","Geschenke Themenwelt","Beauty schenken","Weihnachts-Special","Besonders bezaubernde Geschenksets","Geschenke aus der Apotheke","Geschenksets","Oster-Special","Geschenksets zu Ostern","Valentins-Special","Geschenksets für Sie & Ihn","Specials","Muttertags-Special","Valentinstag-Special","Valentinstagsgeschenksets","Black Friday®","Geschenksets","Valentinstag-Special","Valentinstagsgeschenke für Frauen","Muttertags-Special","Geschenksets zum Muttertag","Oster-Special","Geschenke für Sie","Redirects","Geschenke für die Dame","Muttertags-Special","Muttertags-Geschenke","Landingpages","Adventskalender Türchen 15: Anti Age Produkte","UNSERE ADVENTS-ÜBERASCHUNG EXKLUSIV FÜR UNSERE BESTEN KUNDEN.","Advent 1","Landingpages","Adventskalender Türchen 3","Landingpages","Abo Produkte","Landingpages","SHOP APOTHEKE NOW!","Healthy Deals","RedPoints-Aktion"],"manufacturer":"Beiersdorf AG Eucerin","pharmaForm":"Tagescreme","brand":"Eucerin","brandIntern":"Eucerin®","subBrandIntern":"HYALURONFILLER","activeSubstances":["Cyclometicon","Avobenzon","Octisalat","Dimethiconol","Sojakeim-Extrakt","Bemotrizinol","Octocrilen","Hyaluronsäure, Natriumsalz"],"additiveSubstances":["Trinatrium edetat","Acrylat/C10-30 alkylacrylat-Kreuzpolymer","Parfüm","Ethanol, vergällt","Cetylstearylalkohol","Aluminium Stärke Octenylsuccinat","Methyl methacrylat-Kreuzpolymer","2-Methylpropan-1,3-diol","Natrium stearoylglutamat","Ammonium acryloyldimethyltaurat/VP-Copolymer","Di-n-octylcarbonat","Hexan-1,2-diol","Wasser, gereinigtes","Carbomer","Natriumchlorid","Dimeticon","Phenoxyethanol","Glycerol"],"additiveSubstancesHtml":"<ul><li>Trinatrium edetat</li><li>Acrylat/C10-30 alkylacrylat-Kreuzpolymer</li><li>Parfüm</li><li>Ethanol, vergällt</li><li>Cetylstearylalkohol</li><li>Aluminium Stärke Octenylsuccinat</li><li>Methyl methacrylat-Kreuzpolymer</li><li>2-Methylpropan-1,3-diol</li><li>Natrium stearoylglutamat</li><li>Ammonium acryloyldimethyltaurat/VP-Copolymer</li><li>Di-n-octylcarbonat</li><li>Hexan-1,2-diol</li><li>Wasser, gereinigtes</li><li>Carbomer</li><li>Natriumchlorid</li><li>Dimeticon</li><li>Phenoxyethanol</li><li>Glycerol</li></ul>","descriptionShort":"Glättet Falten und beugt vorzeitiger Hautalterung vor","keywords":["Anti Age","Anti-Age","Falten","Hyaluron","Eucerin","Anti Falten","Faltenreduzierung","Creme"],"unit":"ml","unitQuantityString":"50","masterID":"13167925","indicationRanges":["Kosmetika und Kinderpflegemittel","Haut-/ Haarpflege, Hautschutz"],"ratingCount":47,"averageRating":4.44,"attributes":["ABO"],"prescriptionMedicine":false,"price":2484,"listPrice":2995,"netRetailPrice":2141,"priceFormatted":"€ 24,84","listPriceFormatted":"€ 29,95","potency":"","ifap":"","image":"https://cdn.shop-apotheke.com/images/eucerin-hyaluron-filler-tagespflege-fuer-normale-bis-mischhaut-tagescreme-D13167925-p1.jpg","hasImage":true,"deeplink":"beauty/13167925/eucerin-hyaluron-filler-tagespflege-fuer-normale-bis-mischhaut.htm","applicablePromotions":"promotion=1+1","variantDetails":"13167925|13167925|17|50 ml|2484|beauty/13167925/eucerin-hyaluron-filler-tagespflege-fuer-normale-bis-mischhaut.htm|product.stockStatus.available","stockStatus":"","stockStatusReason":"product.stockStatus.available","inStock":true,"pricePerUnit":"49,68 € / 100 ml","discountInPercent":17,"created":1502799905000,"lastChanged":1598600892000,"ratingsLink":"/produktbewertungen/13167925/eucerin-hyaluron-filler-tagespflege-fuer-normale-bis-mischhaut.htm","ean":"4005800183133","RPMultiplier":1,"ribbonText":"Aktion","primaryCategory":["Die Online-Apotheke für Deutschland","Die Online-Apotheke für Deutschland/Beauty & Pflege","Die Online-Apotheke für Deutschland/Beauty & Pflege/Dermatologische Hautpflege","Die Online-Apotheke für Deutschland/Beauty & Pflege/Dermatologische Hautpflege/Eucerin","Die Online-Apotheke für Deutschland/Beauty & Pflege/Dermatologische Hautpflege/Eucerin/Serien","Die Online-Apotheke für Deutschland/Beauty & Pflege/Dermatologische Hautpflege/Eucerin/Serien/Hyaluron Filler"],"topsellerCountBucket":11,"filterAttributes":["ABO"],"filterRating":0.56,"packSize":"50 ml","variants":[{"id":"13167925","text":"Glättet Falten und beugt vorzeitiger Hautalterung vor","webDetailPath":"beauty/13167925/eucerin-hyaluron-filler-tagespflege-fuer-normale-bis-mischhaut.htm","stock":"product.stockStatus.available","active":true,"discount":"17","retailPrice":"2484","listPrice":"2995","packSize":"50 ml","nowProductGroup":"sameday_nextday","attributes":["ABO"],"productName":"Eucerin® Hyaluron-Filler Tagespflege für normale bis Mischhaut + 100ml Eucerin® DermatoCLEAN 3in1 Reinigungsfluid GRATIS","pricePerUnit":"49,68 € / 100 ml","imageUrl":"https://cdn.shop-apotheke.com/images/eucerin-hyaluron-filler-tagespflege-fuer-normale-bis-mischhaut-tagescreme-D13167925-p1.jpg","pharmaForm":"Tagescreme","ribbonText":"Aktion","RPMultiplier":"1"}],"master":true,"marketplace":true,"nowProductGroup":"sameday_nextday","notOnStockMessage":"","stockStatusColor":"green","categoryCodes":["csd00398","csd00499","csd00551","csd02142","csd02152","csd00615","csd00616","csd02320","csd01439","csd01446","csd01448","csd00001","csd01434","csd01450","csd02764","csd01457","csd02166","csd02271","csd02276","csd02352","csd02369","csd01447","csd02765","csd02770","csd02772","csd01454","csd02776","csd02956","csd01435","csd02959","csd03054","csd03055","root","catalogs","main","landingpages","csd03095","csd02968","csd03288","csd03289","csd03337","csd03339","brandshop","csd1846","csd03383","csd03393","csd03646","csd03642","csd03648","csd03676","csd03680","csd03692","csd1847","csd1850"],"prices":{"listPrice":{"amount":29.95,"net":25.82,"currency":"EUR","info":{"index":1,"text":"AVP / UVP"}},"retailPrice":{"amount":24.84,"net":21.41,"currency":"EUR","info":{"index":1,"text":"AVP / UVP"}}},"calculatedRatingRanking":3.44,"objectID":"13167925","_highlightResult":{"activeSubstances":[{"value":"Cyclometicon","matchLevel":"none","matchedWords":[]},{"value":"<ais-highlight-0000000000>A</ais-highlight-0000000000>vobenzon","matchLevel":"full","fullyHighlighted":false,"matchedWords":["a"]},{"value":"Octisalat","matchLevel":"none","matchedWords":[]},{"value":"Dimethiconol","matchLevel":"none","matchedWords":[]},{"value":"Sojakeim-Extrakt","matchLevel":"none","matchedWords":[]},{"value":"Bemotrizinol","matchLevel":"none","matchedWords":[]},{"value":"Octocrilen","matchLevel":"none","matchedWords":[]},{"value":"Hyaluronsäure, Natriumsalz","matchLevel":"none","matchedWords":[]}]},"_rankingInfo":{"nbTypos":0,"firstMatchedWord":0,"proximityDistance":0,"userScore":275,"geoDistance":0,"geoPrecision":1,"nbExactWords":0,"words":1,"filters":1,"personalization":{"score":0,"rankingScore":0,"filtersScore":0,"textualRelevanceBucket":1,"initialPosition":225,"newPosition":225}}},{"brandCode":"csd03745","pzn":"07707524","productName":"SchlafTabs-ratiopharm®","secondaryCategories":["ratiopharm","Weitere Produkte","Black Friday®","Wohl durch den Winter","Landingpages","SHOP APOTHEKE NOW!"],"manufacturer":"ratiopharm GmbH","pharmaForm":"Tabletten","brand":"ratiopharm SchlafTabs","brandIntern":"ratiopharm","subBrandIntern":"SchlafTabs-ratiopharm®","activeSubstances":["Doxylamin hydrogensuccinat"],"additiveSubstances":["Magnesium stearat","Ethylcellulose","Siliciumdioxid","Cellulose, mikrokristalline","Maisstärke","Lactose"],"additiveSubstancesHtml":"<ul><li>Magnesium stearat</li><li>Ethylcellulose</li><li>Siliciumdioxid</li><li>Cellulose, mikrokristalline</li><li>Maisstärke</li><li>Lactose</li></ul>","descriptionShort":"Bei Nervosität & Einschlafstörungen","keywords":["Schlaftabletten"],"unit":"St","unitQuantityString":"20","masterID":"07707524","indicationRanges":["Hypnotika/ Sedativa","Monopräparate","H1-Antihistaminika"],"ratingCount":70,"averageRating":4.44,"attributes":["apothekenpflichtig","Arzneimittel"],"prescriptionMedicine":false,"price":359,"listPrice":616,"netRetailPrice":309,"priceFormatted":"€ 3,59","listPriceFormatted":"€ 6,16","potency":"","ifap":"Das Präparat ist ein Arzneimittel gegen allergische Reaktionen mit müde-machenden Eigenschaften (Antihistaminikum, Sedativum). Es wird angewendet beimedikamentös behandlungsbedürftigen Ein- und Durchschlafstörungen. Hinweis:Nicht alle Schlafstörungen bedürfen einer medikamentösen Therapie. Oftmals sind sie Ausdruck körperlicher oder seelischer Erkrankungen und können durch andere Maßnahmen oder eine Therapie der Grundkrankheit beeinflusst werden. Deshalb sollte bei länger anhaltenden Schlafstörungen keine Dauerbehandlung mit dem Präparat erfolgen, sondern der behandelnde Arzt aufgesucht werden.","image":"https://cdn.shop-apotheke.com/images/schlaftabs-ratiopharm-tabletten-D07707524-p10.jpg","hasImage":true,"deeplink":"arzneimittel/7707524/schlaftabs-ratiopharm.htm","applicablePromotions":"","variantDetails":"07707524|07707524|42|20 St|359|arzneimittel/7707524/schlaftabs-ratiopharm.htm|product.stockStatus.available","stockStatus":"","stockStatusReason":"product.stockStatus.available","inStock":true,"pricePerUnit":"","discountInPercent":42,"created":1445169325000,"lastChanged":1598578993000,"ratingsLink":"/produktbewertungen/7707524/schlaftabs-ratiopharm.htm","ean":"","RPMultiplier":1,"ribbonText":"","primaryCategory":["Die Online-Apotheke für Deutschland","Die Online-Apotheke für Deutschland/Arzneimittel & weitere Produkte ","Die Online-Apotheke für Deutschland/Arzneimittel & weitere Produkte /Beruhigung, Schlaf & Nerven","Die Online-Apotheke für Deutschland/Arzneimittel & weitere Produkte /Beruhigung, Schlaf & Nerven/Beruhigung & Schlaf"],"topsellerCountBucket":11,"filterAttributes":[],"filterRating":0.56,"packSize":"20 St","variants":[{"id":"07707524","text":"Bei Nervosität & Einschlafstörungen","webDetailPath":"arzneimittel/7707524/schlaftabs-ratiopharm.htm","stock":"product.stockStatus.available","active":true,"discount":"42","retailPrice":"359","listPrice":"616","packSize":"20 St","nowProductGroup":"nextday","attributes":["apothekenpflichtig","Arzneimittel"],"productName":"SchlafTabs-ratiopharm®","pricePerUnit":"","imageUrl":"https://cdn.shop-apotheke.com/images/schlaftabs-ratiopharm-tabletten-D07707524-p10.jpg","pharmaForm":"Tabletten","ribbonText":"","RPMultiplier":"1"}],"master":true,"marketplace":true,"nowProductGroup":"nextday","notOnStockMessage":"","stockStatusColor":"green","categoryCodes":["csd00001","csd00034","csd00035","root","catalogs","main","landingpages","csd03339","csd01434","csd02271","csd03668","brandshop","csd2123","csd2146"],"prices":{"listPrice":{"amount":6.16,"net":5.31,"currency":"EUR","info":{"index":1,"text":"AVP / UVP"}},"retailPrice":{"amount":3.59,"net":3.09,"currency":"EUR","info":{"index":1,"text":"AVP / UVP"}}},"calculatedRatingRanking":3.63,"objectID":"07707524","_highlightResult":{"activeSubstances":[{"value":"Doxylamin hydrogensuccinat","matchLevel":"none","matchedWords":[]}]},"_rankingInfo":{"nbTypos":0,"firstMatchedWord":0,"proximityDistance":0,"userScore":274,"geoDistance":0,"geoPrecision":1,"nbExactWords":0,"words":1,"filters":1,"personalization":{"score":0,"rankingScore":0,"filtersScore":0,"textualRelevanceBucket":1,"initialPosition":226,"newPosition":226}}},{"brandCode":"csd01626","pzn":"07580414","productName":"femiLoges®","secondaryCategories":["Pflanzlich","Wechseljahre","Landingpages","femiloges®","Ratgeber","Wechseljahre","Black Friday®","30% und mehr","Landingpages","Abo Produkte","Landingpages","SHOP APOTHEKE NOW!"],"manufacturer":"Dr. Loges + Co. GmbH","pharmaForm":"Tabletten magensaftresistent","brand":"femiloges","brandIntern":"Dr. Loges","subBrandIntern":"femiLoges®","activeSubstances":["Rhapontikrhabarberwurzel-Trockenextrakt (16-26:1); Auszugsmittel: wässrige Calciumoxid-Lösung"],"additiveSubstances":["Carnaubawachs","Triethylcitrat","Methacrylsäure-Methylmethacrylat-Copolymer (1:1)","Cellulose, mikrokristalline","Povidon K25","Magnesium stearat (pflanzlich)","Natriumdodecylsulfat","Saccharose","Lactose-1-Wasser","Macrogol 6000","Macrogol 35000","Povidon K90","Wachs, gebleichtes","Calciumcarbonat","Talkum"],"additiveSubstancesHtml":"<ul><li>Carnaubawachs</li><li>Triethylcitrat</li><li>Methacrylsäure-Methylmethacrylat-Copolymer (1:1)</li><li>Cellulose, mikrokristalline</li><li>Povidon K25</li><li>Magnesium stearat (pflanzlich)</li><li>Natriumdodecylsulfat</li><li>Saccharose</li><li>Lactose-1-Wasser</li><li>Macrogol 6000</li><li>Macrogol 35000</li><li>Povidon K90</li><li>Wachs, gebleichtes</li><li>Calciumcarbonat</li><li>Talkum</li></ul>","descriptionShort":"Bei Wechseljahresbeschwerden - hochwirksam und verträglich","keywords":["sibirischer rhabarber"],"unit":"St","unitQuantityString":"50","masterID":"07580414","indicationRanges":["Gynäkologika/ Vaginaltherapeutika","Phytopharmaka","Behandlung klimakterischer Beschwerden"],"ratingCount":176,"averageRating":4.41,"attributes":["apothekenpflichtig","pflanzlich","Arzneimittel","ABO"],"prescriptionMedicine":false,"price":2082,"listPrice":2725,"netRetailPrice":1795,"priceFormatted":"€ 20,82","listPriceFormatted":"€ 27,25","potency":"","ifap":"Das Präparat ist ein pflanzliches Arzneimittel aus Rhapontikrhabarberwurzel-Trockenextrakt zur Behandlung von Wechseljahresbeschwerden. Es wird angewendet zur Besserung der durch die Wechseljahre bedingten psychischen und neurovegetativen Beschwerden wie Hitzewallungen/Schweißausbrüche, Schlafstörungen, depressive Verstimmungen und Ängstlichkeit.","image":"https://cdn.shop-apotheke.com/images/femiloges-tabletten-magensaftresistent-D07580414-p1.jpg","hasImage":true,"deeplink":"arzneimittel/7580414/femiloges.htm","applicablePromotions":"","variantDetails":"07580414|07580414|24|50 St|2082|arzneimittel/7580414/femiloges.htm|product.stockStatus.available","stockStatus":"","stockStatusReason":"product.stockStatus.available","inStock":true,"pricePerUnit":"","discountInPercent":24,"created":1445163615000,"lastChanged":1598579626000,"ratingsLink":"/produktbewertungen/7580414/femiloges.htm","ean":"","RPMultiplier":1,"ribbonText":"","primaryCategory":["Die Online-Apotheke für Deutschland","Die Online-Apotheke für Deutschland/Arzneimittel & weitere Produkte ","Die Online-Apotheke für Deutschland/Arzneimittel & weitere Produkte /Frauengesundheit","Die Online-Apotheke für Deutschland/Arzneimittel & weitere Produkte /Frauengesundheit/Wechseljahre"],"topsellerCountBucket":11,"filterAttributes":["pflanzlich","ABO"],"filterRating":0.59,"packSize":"50 St","variants":[{"id":"07580414","text":"Bei Wechseljahresbeschwerden - hochwirksam und verträglich","webDetailPath":"arzneimittel/7580414/femiloges.htm","stock":"product.stockStatus.available","active":true,"discount":"24","retailPrice":"2082","listPrice":"2725","packSize":"50 St","nowProductGroup":"sameday_nextday","attributes":["apothekenpflichtig","pflanzlich","Arzneimittel","ABO"],"productName":"femiLoges®","pricePerUnit":"","imageUrl":"https://cdn.shop-apotheke.com/images/femiloges-tabletten-magensaftresistent-D07580414-p1.jpg","pharmaForm":"Tabletten magensaftresistent","ribbonText":"","RPMultiplier":"1"},{"id":"07580408","text":"Bei Wechseljahresbeschwerden - hochwirksam und verträglich","webDetailPath":"arzneimittel/7580408/femiloges.htm","stock":"product.stockStatus.available","active":false,"discount":"22","retailPrice":"3783","listPrice":"4864","packSize":"100 St","nowProductGroup":"sameday_nextday","attributes":["apothekenpflichtig","pflanzlich","Arzneimittel","ABO"],"productName":"femiLoges®","pricePerUnit":"","imageUrl":"https://cdn.shop-apotheke.com/images/femiloges-tabletten-magensaftresistent-D07580408-p1.jpg","pharmaForm":"Tabletten magensaftresistent","ribbonText":"","RPMultiplier":"1"}],"master":true,"marketplace":true,"nowProductGroup":"sameday_nextday","notOnStockMessage":"","stockStatusColor":"green","categoryCodes":["csd00001","csd00072","csd00076","csd00850","csd00851","csd00884","csd00911","root","catalogs","main","themeshop","csd01150","landingpages","csd02639","csd01434","csd02271","csd02859","csd03339","csd03692"],"prices":{"listPrice":{"amount":27.25,"net":23.49,"currency":"EUR","info":{"index":1,"text":"AVP / UVP"}},"retailPrice":{"amount":20.82,"net":17.95,"currency":"EUR","info":{"index":1,"text":"AVP / UVP"}}},"calculatedRatingRanking":3.99,"objectID":"07580414","_highlightResult":{"activeSubstances":[{"value":"Rhapontikrhabarberwurzel-Trockenextrakt (16-26:1); <ais-highlight-0000000000>A</ais-highlight-0000000000>uszugsmittel: wässrige Calciumoxid-Lösung","matchLevel":"full","fullyHighlighted":false,"matchedWords":["a"]}]},"_rankingInfo":{"nbTypos":0,"firstMatchedWord":0,"proximityDistance":0,"userScore":273,"geoDistance":0,"geoPrecision":1,"nbExactWords":0,"words":1,"filters":1,"personalization":{"score":0,"rankingScore":0,"filtersScore":0,"textualRelevanceBucket":1,"initialPosition":227,"newPosition":227}}},{"brandCode":"","pzn":"15404743","productName":"Orthomol beauty","secondaryCategories":["Hautbedürfnisse","Anti-Age","Hautbedürfnisse","Schönheit von Innen","Geschenke für Sie & Ihn","Geschenke für Sie","Geschenke Themenwelt","Beauty schenken","Specials","Muttertags-Special","Valentinstag-Special","Valentinstagsgeschenke für Frauen","Oster-Special","Geschenke für Sie","Redirects","Geschenke für die Dame","Muttertags-Special","Muttertags-Geschenke","Landingpages","Abo Produkte","Landingpages","SHOP APOTHEKE NOW!","Healthy Deals","Healthy Deals Aktionsprodukte","Healthy Deals","Healthy Deals Beauty & Pflege","Landingpages","Healthy Deals App-Angebote"],"manufacturer":"Orthomol pharmazeutische Vertriebs GmbH","pharmaForm":"Trinkampullen","brand":"","brandIntern":"Orthomol","subBrandIntern":"Beauty","activeSubstances":["Ubidecarenon","Kollagenhydrolysat","Natriumselenat","Biotin","Olivenfrucht-Extrakt","Natrium ascorbat","Hyaluronsäure, Natriumsalz","Zinksulfat","DL-α-Tocopherol acetat"],"additiveSubstances":["Aromastoffe, natürlich, naturidentisch","Sucralose","Maracujasaft-Konzentrat","Wasser, gereinigtes","Apfelsinenfruchtsaft-Konzentrat","Citronensäure","Acesulfam kalium","Kalium sorbat","Glycerol"],"additiveSubstancesHtml":"<ul><li>Aromastoffe, natürlich, naturidentisch</li><li>Sucralose</li><li>Maracujasaft-Konzentrat</li><li>Wasser, gereinigtes</li><li>Apfelsinenfruchtsaft-Konzentrat</li><li>Citronensäure</li><li>Acesulfam kalium</li><li>Kalium sorbat</li><li>Glycerol</li></ul>","descriptionShort":"Mit Kollagenhydrolysat, Hyaluronsäure, Coenzym Q10","keywords":["orthomol"],"unit":"St","unitQuantityString":"30","masterID":"14384903","indicationRanges":["Ohne Angabe einer Indikation, da Nichtarzneimittel"],"ratingCount":38,"averageRating":4.34,"attributes":["Lebensmittel","Nahrungsergänzungsmittel","ABO"],"prescriptionMedicine":false,"price":6125,"listPrice":8188,"netRetailPrice":5280,"priceFormatted":"€ 61,25","listPriceFormatted":"€ 81,88","potency":"","ifap":"","image":"https://cdn.shop-apotheke.com/images/orthomol-beauty-trinkampullen-D15404743-p1.jpg","hasImage":true,"deeplink":"beauty/15404743/orthomol-beauty.htm","applicablePromotions":"","variantDetails":"14384903|15404743|25|30 St|6125|beauty/15404743/orthomol-beauty.htm|product.stockStatus.available","stockStatus":"","stockStatusReason":"product.stockStatus.available","inStock":true,"pricePerUnit":"","discountInPercent":25,"created":1554734833000,"lastChanged":1598572821000,"ratingsLink":"/produktbewertungen/15404743/orthomol-beauty.htm","ean":"","RPMultiplier":1,"ribbonText":"","primaryCategory":["Die Online-Apotheke für Deutschland","Die Online-Apotheke für Deutschland/Arzneimittel & weitere Produkte ","Die Online-Apotheke für Deutschland/Arzneimittel & weitere Produkte /Haut, Haare & Nägel","Die Online-Apotheke für Deutschland/Arzneimittel & weitere Produkte /Haut, Haare & Nägel/Schönheit von innen","Die Online-Apotheke für Deutschland/Arzneimittel & weitere Produkte /Haut, Haare & Nägel/Schönheit von innen/Nahrungsergänzungsmittel"],"topsellerCountBucket":11,"filterAttributes":["Lebensmittel","Nahrungsergänzungsmittel","ABO"],"filterRating":0.66,"packSize":"30 St","variants":[{"id":"14384903","text":"Mit Kollagenhydrolysat, Hyaluronsäure, Coenzym Q10","webDetailPath":"beauty/14384903/orthomol-beauty.htm","stock":"product.stockStatus.available","active":true,"discount":"15","retailPrice":"2609","listPrice":"3071","packSize":"7 St","nowProductGroup":"sameday_nextday","attributes":["Lebensmittel","Nahrungsergänzungsmittel","ABO"],"productName":"Orthomol beauty ","pricePerUnit":"","imageUrl":"https://cdn.shop-apotheke.com/images/orthomol-beauty-trinkampullen-D14384903-p1.jpg","pharmaForm":"Trinkampullen","ribbonText":"","RPMultiplier":"1"},{"id":"15404743","text":"Mit Kollagenhydrolysat, Hyaluronsäure, Coenzym Q10","webDetailPath":"beauty/15404743/orthomol-beauty.htm","stock":"product.stockStatus.available","active":false,"discount":"25","retailPrice":"6125","listPrice":"8188","packSize":"30 St","nowProductGroup":"sameday_nextday","attributes":["Lebensmittel","Nahrungsergänzungsmittel","ABO"],"productName":"Orthomol beauty","pricePerUnit":"","imageUrl":"https://cdn.shop-apotheke.com/images/orthomol-beauty-trinkampullen-D15404743-p1.jpg","pharmaForm":"Trinkampullen","ribbonText":"","RPMultiplier":"1"},{"id":"14384895","text":"Mit Kollagenhydrolysat, Hyaluronsäure, Coenzym Q10","webDetailPath":"beauty/14384895/orthomol-beauty-schmuckkaestchen.htm","stock":"product.stockStatus.available","active":false,"discount":"21","retailPrice":"7271","listPrice":"9260","packSize":"30 St","nowProductGroup":"sameday_nextday","attributes":["Lebensmittel","Nahrungsergänzungsmittel","ABO"],"productName":"Orthomol beauty + Schmuckkästchen","pricePerUnit":"","imageUrl":"https://cdn.shop-apotheke.com/images/orthomol-beauty-schmuckkaestchen-trinkampullen-D14384895-p1.jpg","pharmaForm":"Trinkampullen","ribbonText":"","RPMultiplier":"1"}],"master":false,"marketplace":true,"nowProductGroup":"sameday_nextday","notOnStockMessage":"","stockStatusColor":"green","categoryCodes":["csd00001","csd00144","csd01088","csd00342","csd00398","csd00615","csd00616","csd01370","csd02320","csd01439","csd01434","csd01450","csd02352","csd02369","csd02764","csd01447","csd02765","csd02770","csd02772","csd01435","csd02959","csd03055","root","catalogs","main","landingpages","csd03339","csd03461","csd02968","csd03570","csd03635","csd03692"],"prices":{"listPrice":{"amount":81.88,"net":70.59,"currency":"EUR","info":{"index":1,"text":"AVP / UVP"}},"retailPrice":{"amount":61.25,"net":52.8,"currency":"EUR","info":{"index":1,"text":"AVP / UVP"}}},"calculatedRatingRanking":3.29,"objectID":"15404743","_highlightResult":{"activeSubstances":[{"value":"Ubidecarenon","matchLevel":"none","matchedWords":[]},{"value":"Kollagenhydrolysat","matchLevel":"none","matchedWords":[]},{"value":"Natriumselenat","matchLevel":"none","matchedWords":[]},{"value":"Biotin","matchLevel":"none","matchedWords":[]},{"value":"Olivenfrucht-Extrakt","matchLevel":"none","matchedWords":[]},{"value":"Natrium <ais-highlight-0000000000>a</ais-highlight-0000000000>scorbat","matchLevel":"full","fullyHighlighted":false,"matchedWords":["a"]},{"value":"Hyaluronsäure, Natriumsalz","matchLevel":"none","matchedWords":[]},{"value":"Zinksulfat","matchLevel":"none","matchedWords":[]},{"value":"DL-α-Tocopherol <ais-highlight-0000000000>a</ais-highlight-0000000000>cetat","matchLevel":"full","fullyHighlighted":false,"matchedWords":["a"]}]},"_rankingInfo":{"nbTypos":0,"firstMatchedWord":0,"proximityDistance":0,"userScore":272,"geoDistance":0,"geoPrecision":1,"nbExactWords":0,"words":1,"filters":1,"personalization":{"score":0,"rankingScore":0,"filtersScore":0,"textualRelevanceBucket":1,"initialPosition":228,"newPosition":228}}},{"brandCode":"","pzn":"04889192","productName":"Aknederm® Salbe Neu","secondaryCategories":[],"manufacturer":"gepepharm GmbH","pharmaForm":"Salbe","brand":"","brandIntern":"Aknederm®","subBrandIntern":"","activeSubstances":["Zinkoxid","Ammoniumbituminosulfonat"],"additiveSubstances":["Eisenoxide und -hydroxide","Cetylstearylalkohol, emulgierender (Typ A)","Glycerolmonostearat","Triglyceride, mittelkettige","Wasser, gereinigtes","Vaselin, weißes","Methyl-4-hydroxybenzoat","Talkum"],"additiveSubstancesHtml":"<ul><li>Eisenoxide und -hydroxide</li><li>Cetylstearylalkohol, emulgierender (Typ A)</li><li>Glycerolmonostearat</li><li>Triglyceride, mittelkettige</li><li>Wasser, gereinigtes</li><li>Vaselin, weißes</li><li>Methyl-4-hydroxybenzoat</li><li>Talkum</li></ul>","descriptionShort":"Zur Anwendung bei Akne","keywords":[],"unit":"g","unitQuantityString":"60","masterID":"04889186","indicationRanges":["Dermatotherapeutika","Aknetherapeutika, Externa","Sonstige Kombinationen"],"ratingCount":11,"averageRating":4.27,"attributes":["apothekenpflichtig","Arzneimittel"],"prescriptionMedicine":false,"price":2110,"listPrice":2793,"netRetailPrice":1819,"priceFormatted":"€ 21,10","listPriceFormatted":"€ 27,93","potency":"","ifap":"Das Präparat ist ein traditionelles Arzneimittel. Es wird angewendet als mild wirkendes Arzneimittel bei Hautunreinheiten. Hinweis:Sollten die Hautunreinheiten sich nicht bessern oder sollten Entzündungen im Anwendungsbereich auftreten, ist der Arzt aufzusuchen.","image":"https://cdn.shop-apotheke.com/images/aknederm-salbe-neu-salbe-D04889192-p1.jpg","hasImage":true,"deeplink":"arzneimittel/4889192/aknederm-salbe-neu.htm","applicablePromotions":"","variantDetails":"04889186|04889192|24|60 g|2110|arzneimittel/4889192/aknederm-salbe-neu.htm|product.stockStatus.available","stockStatus":"","stockStatusReason":"product.stockStatus.available","inStock":true,"pricePerUnit":"35,17 € / 100 g","discountInPercent":24,"created":1445171149000,"lastChanged":1598609288000,"ratingsLink":"/produktbewertungen/4889192/aknederm-salbe-neu.htm","ean":"","RPMultiplier":1,"ribbonText":"","primaryCategory":["Die Online-Apotheke für Deutschland","Die Online-Apotheke für Deutschland/Arzneimittel & weitere Produkte ","Die Online-Apotheke für Deutschland/Arzneimittel & weitere Produkte /Haut, Haare & Nägel","Die Online-Apotheke für Deutschland/Arzneimittel & weitere Produkte /Haut, Haare & Nägel/Haut","Die Online-Apotheke für Deutschland/Arzneimittel & weitere Produkte /Haut, Haare & Nägel/Haut/Akne"],"topsellerCountBucket":11,"filterAttributes":[],"filterRating":0.73,"packSize":"60 g","variants":[{"id":"04889186","text":"Zur Anwendung bei Akne","webDetailPath":"arzneimittel/4889186/aknederm-salbe-neu.htm","stock":"product.stockStatus.available","active":true,"discount":"20","retailPrice":"1310","listPrice":"1639","packSize":"30 g","nowProductGroup":"sameday_nextday","attributes":["apothekenpflichtig","Arzneimittel"],"productName":"Aknederm® Salbe Neu","pricePerUnit":"43,67 € / 100 g","imageUrl":"https://cdn.shop-apotheke.com/images/aknederm-salbe-neu-salbe-D04889186-p1.jpg","pharmaForm":"Salbe","ribbonText":"","RPMultiplier":"1"},{"id":"04889192","text":"Zur Anwendung bei Akne","webDetailPath":"arzneimittel/4889192/aknederm-salbe-neu.htm","stock":"product.stockStatus.available","active":false,"discount":"24","retailPrice":"2110","listPrice":"2793","packSize":"60 g","nowProductGroup":"nextday","attributes":["apothekenpflichtig","Arzneimittel"],"productName":"Aknederm® Salbe Neu","pricePerUnit":"35,17 € / 100 g","imageUrl":"https://cdn.shop-apotheke.com/images/aknederm-salbe-neu-salbe-D04889192-p1.jpg","pharmaForm":"Salbe","ribbonText":"","RPMultiplier":"1"}],"master":false,"marketplace":true,"nowProductGroup":"nextday","notOnStockMessage":"","stockStatusColor":"green","categoryCodes":["csd00001","csd00144","csd00158","csd00159"],"prices":{"listPrice":{"amount":27.93,"net":24.08,"currency":"EUR","info":{"index":1,"text":"AVP / UVP"}},"retailPrice":{"amount":21.1,"net":18.19,"currency":"EUR","info":{"index":1,"text":"AVP / UVP"}}},"calculatedRatingRanking":2.82,"objectID":"04889192","_highlightResult":{"activeSubstances":[{"value":"Zinkoxid","matchLevel":"none","matchedWords":[]},{"value":"<ais-highlight-0000000000>A</ais-highlight-0000000000>mmoniumbituminosulfonat","matchLevel":"full","fullyHighlighted":false,"matchedWords":["a"]}]},"_rankingInfo":{"nbTypos":0,"firstMatchedWord":0,"proximityDistance":0,"userScore":271,"geoDistance":0,"geoPrecision":1,"nbExactWords":0,"words":1,"filters":1,"personalization":{"score":0,"rankingScore":0,"filtersScore":0,"textualRelevanceBucket":1,"initialPosition":229,"newPosition":229}}},{"brandCode":"csd2796","pzn":"02083906","productName":"vivinox® SLEEP Schlaftabletten STARK","secondaryCategories":["Black Friday®","40% und mehr","Beruhigung, Schlaf & Nerven","Stress & Burnout","Landingpages","Unsere Topseller","Landingpages","Topseller","Landingpages","Topseller","Black Friday®","Wohl durch den Winter","Landingpages","SHOP APOTHEKE NOW!","Geschenke für Sie & Ihn","Geschenke für Sie","Specials","Muttertags-Special","Valentinstag-Special","Valentinstagsgeschenke für Frauen","Oster-Special","Geschenke für Sie","Redirects","Geschenke für die Dame","Muttertags-Special","Muttertags-Geschenke","Landingpages","RedPoints Moonlight Aktion"],"manufacturer":"Dr. Gerhard Mann","pharmaForm":"Tabletten","brand":"Vivinox SLEEP Stark","brandIntern":"vivinox®","subBrandIntern":"SLEEP","activeSubstances":["Diphenhydramin hydrochlorid"],"additiveSubstances":["Magnesium stearat","Crospovidon","Siliciumdioxid","Cellulose, mikrokristalline","Povidon K25","Lactose"],"additiveSubstancesHtml":"<ul><li>Magnesium stearat</li><li>Crospovidon</li><li>Siliciumdioxid</li><li>Cellulose, mikrokristalline</li><li>Povidon K25</li><li>Lactose</li></ul>","descriptionShort":"Bei ausgeprägten, akuten Schlafstörungen","keywords":["Einschlafprobleme","Schlafstörung"],"unit":"St","unitQuantityString":"20","masterID":"02083906","indicationRanges":["Hypnotika/ Sedativa","Monopräparate","H1-Antihistaminika"],"ratingCount":96,"averageRating":4.25,"attributes":["apothekenpflichtig","Arzneimittel"],"prescriptionMedicine":false,"price":605,"listPrice":907,"netRetailPrice":522,"priceFormatted":"€ 6,05","listPriceFormatted":"€ 9,07","potency":"","ifap":"Das Arzneimittel ist ein Schlafmittel aus der Gruppe der Antihistaminika. Es wird angewendet zur Kurzzeitbehandlung von Schlafstörungen.","image":"https://cdn.shop-apotheke.com/images/vivinox-sleep-schlaftabletten-stark-tabletten-D02083906-p1.jpg","hasImage":true,"deeplink":"arzneimittel/2083906/vivinox-sleep-schlaftabletten-stark.htm","applicablePromotions":"","variantDetails":"02083906|02083906|33|20 St|605|arzneimittel/2083906/vivinox-sleep-schlaftabletten-stark.htm|product.stockStatus.available","stockStatus":"","stockStatusReason":"product.stockStatus.available","inStock":true,"pricePerUnit":"","discountInPercent":33,"created":1445171146000,"lastChanged":1598568989000,"ratingsLink":"/produktbewertungen/2083906/vivinox-sleep-schlaftabletten-stark.htm","ean":"4030571006077","RPMultiplier":1,"ribbonText":"","primaryCategory":["Die Online-Apotheke für Deutschland","Die Online-Apotheke für Deutschland/Arzneimittel & weitere Produkte ","Die Online-Apotheke für Deutschland/Arzneimittel & weitere Produkte /Beruhigung, Schlaf & Nerven","Die Online-Apotheke für Deutschland/Arzneimittel & weitere Produkte /Beruhigung, Schlaf & Nerven/Beruhigung & Schlaf"],"topsellerCountBucket":11,"filterAttributes":[],"filterRating":0.75,"packSize":"20 St","variants":[{"id":"02083906","text":"Bei ausgeprägten, akuten Schlafstörungen","webDetailPath":"arzneimittel/2083906/vivinox-sleep-schlaftabletten-stark.htm","stock":"product.stockStatus.available","active":true,"discount":"33","retailPrice":"605","listPrice":"907","packSize":"20 St","nowProductGroup":"sameday_nextday","attributes":["apothekenpflichtig","Arzneimittel"],"productName":"vivinox® SLEEP Schlaftabletten STARK","pricePerUnit":"","imageUrl":"https://cdn.shop-apotheke.com/images/vivinox-sleep-schlaftabletten-stark-tabletten-D02083906-p1.jpg","pharmaForm":"Tabletten","ribbonText":"","RPMultiplier":"1"}],"master":true,"marketplace":true,"nowProductGroup":"sameday_nextday","notOnStockMessage":"","stockStatusColor":"green","categoryCodes":["csd00001","csd00034","csd00035","csd00037","csd02320","csd01439","csd01434","csd01450","csd02271","csd02272","csd02352","csd02369","csd02764","csd01447","csd02765","csd01435","csd02959","csd03055","root","catalogs","main","landingpages","csd03273","csd03339","csd03516","csd03647","csd03648","csd03668"],"prices":{"listPrice":{"amount":9.07,"net":7.82,"currency":"EUR","info":{"index":1,"text":"AVP / UVP"}},"retailPrice":{"amount":6.05,"net":5.22,"currency":"EUR","info":{"index":1,"text":"AVP / UVP"}}},"calculatedRatingRanking":3.65,"objectID":"02083906","_highlightResult":{"activeSubstances":[{"value":"Diphenhydramin hydrochlorid","matchLevel":"none","matchedWords":[]}]},"_rankingInfo":{"nbTypos":0,"firstMatchedWord":0,"proximityDistance":0,"userScore":270,"geoDistance":0,"geoPrecision":1,"nbExactWords":0,"words":1,"filters":1,"personalization":{"score":0,"rankingScore":0,"filtersScore":0,"textualRelevanceBucket":1,"initialPosition":230,"newPosition":230}}},{"brandCode":"csd01901","pzn":"14202428","productName":"WICK DayNait","secondaryCategories":["Landingpages","NOW! Reiseapotheke","Landingpages","Unsere Topseller","Landingpages","Topseller","Landingpages","Topseller","Landingpages","Weltgesundheitstag: Hausapotheke","Landingpages","100 Topseller","Landingpages","SHOP APOTHEKE NOW!","Landingpages","Mai Aktion","Landingpages","Mai Kracher","Healthy Deals","RedPoints-Aktion"],"manufacturer":"Procter & Gamble GmbH","pharmaForm":"Filmtabletten","brand":"WICK","brandIntern":"WICK","subBrandIntern":"","activeSubstances":["Paracetamol","Paracetamol","Pseudoephedrin hydrochlorid","Diphenhydramin hydrochlorid"],"additiveSubstances":["Magnesium stearat","Magnesium stearat","Croscarmellose natrium","Croscarmellose natrium","Hypromellose","Hypromellose","Copovidon","Copovidon","Eisen(III)-oxidhydrat, gelb","Muscovit","Muscovit","Siliciumdioxid, hochdisperses","Siliciumdioxid, hochdisperses","Cellulose, mikrokristalline","Cellulose, mikrokristalline","Triacetin","Triacetin","Indigodisulfonsäure, Aluminiumsalz","Talkum","Talkum"],"additiveSubstancesHtml":"<ul><li>Magnesium stearat</li><li>Magnesium stearat</li><li>Croscarmellose natrium</li><li>Croscarmellose natrium</li><li>Hypromellose</li><li>Hypromellose</li><li>Copovidon</li><li>Copovidon</li><li>Eisen(III)-oxidhydrat, gelb</li><li>Muscovit</li><li>Muscovit</li><li>Siliciumdioxid, hochdisperses</li><li>Siliciumdioxid, hochdisperses</li><li>Cellulose, mikrokristalline</li><li>Cellulose, mikrokristalline</li><li>Triacetin</li><li>Triacetin</li><li>Indigodisulfonsäure, Aluminiumsalz</li><li>Talkum</li><li>Talkum</li></ul>","descriptionShort":"Lindert 6 Erkältungssymptome","keywords":[],"unit":"St","unitQuantityString":"16","masterID":"14202428","indicationRanges":["Atemwegskrankheiten und grippale Infekte","Mittel bei grippalen Infekten","Fieber-/ Schnupfenmittel"],"ratingCount":31,"averageRating":4.16,"attributes":["apothekenpflichtig","Arzneimittel"],"prescriptionMedicine":false,"price":978,"listPrice":1364,"netRetailPrice":843,"priceFormatted":"€ 9,78","listPriceFormatted":"€ 13,64","potency":"","ifap":"","image":"https://cdn.shop-apotheke.com/images/wick-daynait-filmtabletten-D14202428-p1.jpg","hasImage":true,"deeplink":"arzneimittel/14202428/wick-daynait.htm","applicablePromotions":"","variantDetails":"14202428|14202428|28|16 St|978|arzneimittel/14202428/wick-daynait.htm|product.stockStatus.available","stockStatus":"","stockStatusReason":"product.stockStatus.available","inStock":true,"pricePerUnit":"","discountInPercent":28,"created":1561126576000,"lastChanged":1598598489000,"ratingsLink":"/produktbewertungen/14202428/wick-daynait.htm","ean":"","RPMultiplier":1,"ribbonText":"","primaryCategory":["Die Online-Apotheke für Deutschland","Die Online-Apotheke für Deutschland/Arzneimittel & weitere Produkte ","Die Online-Apotheke für Deutschland/Arzneimittel & weitere Produkte /Erkältung & Grippe","Die Online-Apotheke für Deutschland/Arzneimittel & weitere Produkte /Erkältung & Grippe/Grippale Infekte"],"topsellerCountBucket":11,"filterAttributes":[],"filterRating":0.84,"packSize":"16 St","variants":[{"id":"14202428","text":"Lindert 6 Erkältungssymptome","webDetailPath":"arzneimittel/14202428/wick-daynait.htm","stock":"product.stockStatus.available","active":true,"discount":"28","retailPrice":"978","listPrice":"1364","packSize":"16 St","nowProductGroup":"sameday_nextday","attributes":["apothekenpflichtig","Arzneimittel"],"productName":"WICK DayNait","pricePerUnit":"","imageUrl":"https://cdn.shop-apotheke.com/images/wick-daynait-filmtabletten-D14202428-p1.jpg","pharmaForm":"Filmtabletten","ribbonText":"","RPMultiplier":"1"}],"master":true,"marketplace":true,"nowProductGroup":"sameday_nextday","notOnStockMessage":"","stockStatusColor":"green","categoryCodes":["csd00001","csd00061","csd00065","root","catalogs","main","landingpages","csd03273","csd01434","csd02968","csd03288","csd03339","csd03344","csd03476","csd03647","csd03648","csd03939","csd03995","csd03997"],"prices":{"listPrice":{"amount":13.64,"net":11.76,"currency":"EUR","info":{"index":1,"text":"AVP / UVP"}},"retailPrice":{"amount":9.78,"net":8.43,"currency":"EUR","info":{"index":1,"text":"AVP / UVP"}}},"calculatedRatingRanking":3.14,"objectID":"14202428","_highlightResult":{"activeSubstances":[{"value":"Paracetamol","matchLevel":"none","matchedWords":[]},{"value":"Paracetamol","matchLevel":"none","matchedWords":[]},{"value":"Pseudoephedrin hydrochlorid","matchLevel":"none","matchedWords":[]},{"value":"Diphenhydramin hydrochlorid","matchLevel":"none","matchedWords":[]}]},"_rankingInfo":{"nbTypos":0,"firstMatchedWord":0,"proximityDistance":0,"userScore":269,"geoDistance":0,"geoPrecision":1,"nbExactWords":0,"words":1,"filters":1,"personalization":{"score":0,"rankingScore":0,"filtersScore":0,"textualRelevanceBucket":1,"initialPosition":231,"newPosition":231}}},{"brandCode":"","pzn":"15785283","productName":"PANTOPRAZOL beta 20 mg acid ","secondaryCategories":["Healthy Deals","RedPoints-Aktion"],"manufacturer":"betapharm Arzneimittel GmbH","pharmaForm":"Tabletten magensaftresistent","brand":"","brandIntern":"","subBrandIntern":"","activeSubstances":["Pantoprazol natrium-1,5-Wasser"],"additiveSubstances":["Croscarmellose natrium","Triethylcitrat","Eisen(III)-oxidhydrat, schwarz","Siliciumdioxid, hochdisperses","Cellulose, mikrokristalline","Methacrylsäure-Ethylacrylat-Copolymer (1:1) Dispersion 30%","Chinolingelb, Aluminiumsalz","Magnesium stearat (pflanzlich)","Natriumdodecylsulfat","Lactose-1-Wasser","Macrogol 3350","Polysorbat 80","Poly(vinylalkohol)","Titandioxid","Talkum"],"additiveSubstancesHtml":"<ul><li>Croscarmellose natrium</li><li>Triethylcitrat</li><li>Eisen(III)-oxidhydrat, schwarz</li><li>Siliciumdioxid, hochdisperses</li><li>Cellulose, mikrokristalline</li><li>Methacrylsäure-Ethylacrylat-Copolymer (1:1) Dispersion 30%</li><li>Chinolingelb, Aluminiumsalz</li><li>Magnesium stearat (pflanzlich)</li><li>Natriumdodecylsulfat</li><li>Lactose-1-Wasser</li><li>Macrogol 3350</li><li>Polysorbat 80</li><li>Poly(vinylalkohol)</li><li>Titandioxid</li><li>Talkum</li></ul>","descriptionShort":"Zur kurzzeitigen Behandlung von Refluxsymptomen","keywords":[],"unit":"St","unitQuantityString":"10","masterID":"15785283","indicationRanges":["Magen-Darm-wirksame Pharmaka","Gastritis-/ Ulcustherapeutika","Protonenpumpenhemmer"],"ratingCount":5,"averageRating":4,"attributes":["apothekenpflichtig","Arzneimittel"],"prescriptionMedicine":false,"price":186,"listPrice":252,"netRetailPrice":160,"priceFormatted":"€ 1,86","listPriceFormatted":"€ 2,52","potency":"","ifap":"Das Arzneimittel enthält den Wirkstoff Pantoprazol, der eine Art Pumpe, welche die Magensäure herstellt, blockiert. Das hat zur Folge, dass die Säuremenge im Magen reduziert wird. Es wird angewendet zur kurzzeitigen Behandlung von Refluxsymptomen (z. B. Sodbrennen, saures Aufstoßen) bei Erwachsenen. Reflux ist der Rückfluss von Magensäure in die Speiseröhre, die sich schmerzhaft entzünden kann. Dies kann Symptome verursachen wie ein schmerzhaftes zur Kehle aufsteigendes Brennen im Brustbereich (Sodbrennen) sowie einen sauren Geschmack im Mund (Säurerückfluss). Bereits nach einem Behandlungstag mit dem Arzneimittel können Ihre Symptome von Rückfluss und Sodbrennen gelindert werden, dieses Arzneimittel muss aber keine sofortige Erleichterung bringen. Zur Linderung der Symptome kann es nötig sein, die Tabletten an 2 - 3 aufeinander folgenden Tageneinzunehmen. Wenn Sie sich nach 2 Wochen nicht besser oder gar schlechter fühlen, wenden Sie sich an Ihren Arzt.","image":"https://cdn.shop-apotheke.com/images/pantoprazol-beta-20-mg-acid-tabletten-magensaftresistent-D15785283-p1.jpg","hasImage":true,"deeplink":"arzneimittel/15785283/pantoprazol-beta-20-mg-acid.htm","applicablePromotions":"","variantDetails":"15785283|15785283|26|10 St|186|arzneimittel/15785283/pantoprazol-beta-20-mg-acid.htm|product.stockStatus.available","stockStatus":"","stockStatusReason":"product.stockStatus.available","inStock":true,"pricePerUnit":"","discountInPercent":26,"created":1575969422000,"lastChanged":1598572876000,"ratingsLink":"/produktbewertungen/15785283/pantoprazol-beta-20-mg-acid.htm","ean":"","RPMultiplier":1,"ribbonText":"","primaryCategory":["Die Online-Apotheke für Deutschland","Die Online-Apotheke für Deutschland/Arzneimittel & weitere Produkte ","Die Online-Apotheke für Deutschland/Arzneimittel & weitere Produkte /Magen & Darm","Die Online-Apotheke für Deutschland/Arzneimittel & weitere Produkte /Magen & Darm/Sodbrennen"],"topsellerCountBucket":11,"filterAttributes":[],"filterRating":1,"packSize":"10 St","variants":[{"id":"15577308","text":"magensaftresistente Tabletten ","webDetailPath":"arzneimittel/15577308/pantoprazol-beta-20mg-acid-magensaftresistente-tabletten.htm","stock":"product.stockStatus.available","active":false,"discount":"14","retailPrice":"485","listPrice":"567","packSize":"7 St","nowProductGroup":"none","attributes":["apothekenpflichtig","Arzneimittel"],"productName":"Pantoprazol beta 20mg acid magensaftresistente Tabletten","pricePerUnit":"","imageUrl":"https://cdn.shop-apotheke.com/images/pantoprazol-beta-20mg-acid-magensaftresistente-tabletten-tabletten-magensaftresistent-D15577308-p1.jpg","pharmaForm":"Tabletten magensaftresistent","ribbonText":"","RPMultiplier":"1"},{"id":"15785283","text":"Zur kurzzeitigen Behandlung von Refluxsymptomen","webDetailPath":"arzneimittel/15785283/pantoprazol-beta-20-mg-acid.htm","stock":"product.stockStatus.available","active":true,"discount":"26","retailPrice":"186","listPrice":"252","packSize":"10 St","nowProductGroup":"sameday_nextday","attributes":["apothekenpflichtig","Arzneimittel"],"productName":"PANTOPRAZOL beta 20 mg acid ","pricePerUnit":"","imageUrl":"https://cdn.shop-apotheke.com/images/pantoprazol-beta-20-mg-acid-tabletten-magensaftresistent-D15785283-p1.jpg","pharmaForm":"Tabletten magensaftresistent","ribbonText":"","RPMultiplier":"1"},{"id":"05731518","text":"Zur kurzzeitigen Behandlung von Refluxsymptomen","webDetailPath":"arzneimittel/5731518/pantoprazol-beta-20-mg-acid.htm","stock":"product.stockStatus.available","active":false,"discount":"25","retailPrice":"512","listPrice":"680","packSize":"14 St","nowProductGroup":"sameday_nextday","attributes":["apothekenpflichtig","Arzneimittel"],"productName":"Pantoprazol beta 20 mg acid","pricePerUnit":"","imageUrl":"https://cdn.shop-apotheke.com/images/pantoprazol-beta-20-mg-acid-tabletten-magensaftresistent-D05731518-p1.jpg","pharmaForm":"Tabletten magensaftresistent","ribbonText":"","RPMultiplier":"1"}],"master":true,"marketplace":true,"nowProductGroup":"sameday_nextday","notOnStockMessage":"","stockStatusColor":"green","categoryCodes":["csd00001","csd00219","csd00229","csd01434","csd02968","csd03288"],"prices":{"listPrice":{"amount":2.52,"net":2.17,"currency":"EUR","info":{"index":1,"text":"AVP / UVP"}},"retailPrice":{"amount":1.86,"net":1.6,"currency":"EUR","info":{"index":1,"text":"AVP / UVP"}}},"calculatedRatingRanking":2.64,"objectID":"15785283","_highlightResult":{"activeSubstances":[{"value":"Pantoprazol natrium-1,5-Wasser","matchLevel":"none","matchedWords":[]}]},"_rankingInfo":{"nbTypos":0,"firstMatchedWord":0,"proximityDistance":0,"userScore":268,"geoDistance":0,"geoPrecision":1,"nbExactWords":0,"words":1,"filters":1,"personalization":{"score":0,"rankingScore":0,"filtersScore":0,"textualRelevanceBucket":1,"initialPosition":232,"newPosition":232}}},{"brandCode":"","pzn":"09944441","productName":"Aknederm® Tinktur","secondaryCategories":["Landingpages","SHOP APOTHEKE NOW!"],"manufacturer":"gepepharm GmbH","pharmaForm":"Tinktur","brand":"","brandIntern":"Aknederm®","subBrandIntern":"","activeSubstances":[],"additiveSubstances":[],"additiveSubstancesHtml":"","descriptionShort":"Zur Anwendung bei Hautunreinheiten","keywords":[],"unit":"ml","unitQuantityString":"2X50","masterID":"09944435","indicationRanges":[],"ratingCount":4,"averageRating":4,"attributes":[],"prescriptionMedicine":false,"price":2435,"listPrice":2795,"netRetailPrice":2099,"priceFormatted":"€ 24,35","listPriceFormatted":"€ 27,95","potency":"","ifap":"","image":"https://cdn.shop-apotheke.com/images/aknederm-tinktur-tinktur-D09944441-p1.jpg","hasImage":true,"deeplink":"arzneimittel/9944441/aknederm-tinktur.htm","applicablePromotions":"","variantDetails":"09944435|09944441|13|2X50 ml|2435|arzneimittel/9944441/aknederm-tinktur.htm|product.stockStatus.available","stockStatus":"","stockStatusReason":"product.stockStatus.available","inStock":true,"pricePerUnit":"24,35 € / 100 ml","discountInPercent":13,"created":1481116926000,"lastChanged":1598571589000,"ratingsLink":"/produktbewertungen/9944441/aknederm-tinktur.htm","ean":"","RPMultiplier":1,"ribbonText":"","primaryCategory":["Die Online-Apotheke für Deutschland","Die Online-Apotheke für Deutschland/Arzneimittel & weitere Produkte ","Die Online-Apotheke für Deutschland/Arzneimittel & weitere Produkte /Haut, Haare & Nägel","Die Online-Apotheke für Deutschland/Arzneimittel & weitere Produkte /Haut, Haare & Nägel/Haut","Die Online-Apotheke für Deutschland/Arzneimittel & weitere Produkte /Haut, Haare & Nägel/Haut/Akne"],"topsellerCountBucket":11,"filterAttributes":[],"filterRating":1,"packSize":"2X50 ml","variants":[{"id":"09944435","text":"Zur Anwendung bei Hautunreinheiten","webDetailPath":"arzneimittel/9944435/aknederm-tinktur.htm","stock":"product.stockStatus.available","active":true,"discount":"20","retailPrice":"1359","listPrice":"1695","packSize":"50 ml","nowProductGroup":"sameday_nextday","attributes":[],"productName":"Aknederm® Tinktur","pricePerUnit":"27,18 € / 100 ml","imageUrl":"https://cdn.shop-apotheke.com/images/aknederm-tinktur-tinktur-D09944435-p1.jpg","pharmaForm":"Tinktur","ribbonText":"","RPMultiplier":"1"},{"id":"09944441","text":"Zur Anwendung bei Hautunreinheiten","webDetailPath":"arzneimittel/9944441/aknederm-tinktur.htm","stock":"product.stockStatus.available","active":false,"discount":"13","retailPrice":"2435","listPrice":"2795","packSize":"2X50 ml","nowProductGroup":"sameday_nextday","attributes":[],"productName":"Aknederm® Tinktur","pricePerUnit":"24,35 € / 100 ml","imageUrl":"https://cdn.shop-apotheke.com/images/aknederm-tinktur-tinktur-D09944441-p1.jpg","pharmaForm":"Tinktur","ribbonText":"","RPMultiplier":"1"}],"master":false,"marketplace":true,"nowProductGroup":"sameday_nextday","notOnStockMessage":"","stockStatusColor":"green","categoryCodes":["csd00001","csd00144","csd00158","csd00159","root","catalogs","main","landingpages","csd03339"],"prices":{"listPrice":{"amount":27.95,"net":24.09,"currency":"EUR","info":{"index":1,"text":"AVP / UVP"}},"retailPrice":{"amount":24.35,"net":20.99,"currency":"EUR","info":{"index":1,"text":"AVP / UVP"}}},"calculatedRatingRanking":2.61,"objectID":"09944441","_rankingInfo":{"nbTypos":0,"firstMatchedWord":0,"proximityDistance":0,"userScore":267,"geoDistance":0,"geoPrecision":1,"nbExactWords":0,"words":1,"filters":1,"personalization":{"score":0,"rankingScore":0,"filtersScore":0,"textualRelevanceBucket":1,"initialPosition":233,"newPosition":233}}},{"brandCode":"","pzn":"02200186","productName":"allcura Pigmentflecken-Creme","secondaryCategories":["Landingpages","Flash Deal Beauty","Landingpages","Topseller","Geschenke für Sie & Ihn","Geschenke für Sie","Geschenke Themenwelt","Beauty schenken","UNSERE ADVENTS-ÜBERASCHUNG EXKLUSIV FÜR UNSERE BESTEN KUNDEN.","Advent 1","Specials","Muttertags-Special","Valentinstag-Special","Valentinstagsgeschenke für Frauen","Oster-Special","Geschenke für Sie","Redirects","Geschenke für die Dame","Muttertags-Special","Muttertags-Geschenke","Landingpages","SHOP APOTHEKE NOW!","Landingpages","Mai Aktion","Landingpages","Mai Kracher","Landingpages","Healthy Deals App-Angebote","Healthy Deals","Healthy Deals Aktionsprodukte","Healthy Deals","RedPoints-Aktion"],"manufacturer":"allcura Naturheilmittel GmbH","pharmaForm":"Creme","brand":"","brandIntern":"allcura","subBrandIntern":"","activeSubstances":[],"additiveSubstances":[],"additiveSubstancesHtml":"","descriptionShort":"Schützt die Haut vor Radikalen und reduziert Alters- und Pigmentflecken","keywords":[],"unit":"ml","unitQuantityString":"30","masterID":"02200186","indicationRanges":[],"ratingCount":22,"averageRating":3.91,"attributes":[],"prescriptionMedicine":false,"price":774,"listPrice":1067,"netRetailPrice":667,"priceFormatted":"€ 7,74","listPriceFormatted":"€ 10,67","potency":"","ifap":"","image":"https://cdn.shop-apotheke.com/images/allcura-pigmentflecken-creme-creme-D02200186-p1.jpg","hasImage":true,"deeplink":"beauty/2200186/allcura-pigmentflecken-creme.htm","applicablePromotions":"","variantDetails":"02200186|02200186|27|30 ml|774|beauty/2200186/allcura-pigmentflecken-creme.htm|product.stockStatus.available","stockStatus":"","stockStatusReason":"product.stockStatus.available","inStock":true,"pricePerUnit":"25,80 € / 100 ml","discountInPercent":27,"created":1445173527000,"lastChanged":1598569053000,"ratingsLink":"/produktbewertungen/2200186/allcura-pigmentflecken-creme.htm","ean":"4017893401704","RPMultiplier":1,"ribbonText":"","primaryCategory":["Die Online-Apotheke für Deutschland","Die Online-Apotheke für Deutschland/Beauty & Pflege","Die Online-Apotheke für Deutschland/Beauty & Pflege/Hautbedürfnisse","Die Online-Apotheke für Deutschland/Beauty & Pflege/Hautbedürfnisse/Pigmentstörungen"],"topsellerCountBucket":11,"filterAttributes":[],"filterRating":1.09,"packSize":"30 ml","variants":[{"id":"02200186","text":"Schützt die Haut vor Radikalen und reduziert Alters- und Pigmentflecken","webDetailPath":"beauty/2200186/allcura-pigmentflecken-creme.htm","stock":"product.stockStatus.available","active":true,"discount":"27","retailPrice":"774","listPrice":"1067","packSize":"30 ml","nowProductGroup":"sameday_nextday","attributes":[],"productName":"allcura Pigmentflecken-Creme","pricePerUnit":"25,80 € / 100 ml","imageUrl":"https://cdn.shop-apotheke.com/images/allcura-pigmentflecken-creme-creme-D02200186-p1.jpg","pharmaForm":"Creme","ribbonText":"","RPMultiplier":"1"}],"master":true,"marketplace":true,"nowProductGroup":"sameday_nextday","notOnStockMessage":"","stockStatusColor":"green","categoryCodes":["csd00398","csd00615","csd00623","csd02320","csd01439","csd00001","csd01434","csd01450","csd02352","csd02369","csd02764","csd01447","csd02765","csd02770","csd02772","csd01435","csd02959","csd03055","csd02968","csd03288","root","catalogs","main","landingpages","csd03339","csd03461","csd03525","csd03635","csd03646","csd03642","csd03648","csd03995","csd03997"],"prices":{"listPrice":{"amount":10.67,"net":9.2,"currency":"EUR","info":{"index":1,"text":"AVP / UVP"}},"retailPrice":{"amount":7.74,"net":6.67,"currency":"EUR","info":{"index":1,"text":"AVP / UVP"}}},"calculatedRatingRanking":2.93,"objectID":"02200186","_rankingInfo":{"nbTypos":0,"firstMatchedWord":0,"proximityDistance":0,"userScore":266,"geoDistance":0,"geoPrecision":1,"nbExactWords":0,"words":1,"filters":1,"personalization":{"score":0,"rankingScore":0,"filtersScore":0,"textualRelevanceBucket":1,"initialPosition":234,"newPosition":234}}},{"brandCode":"","pzn":"16016960","productName":"Orthomol beauty for men","secondaryCategories":["Hautbedürfnisse","Schönheit von Innen","Männergesundheit","Männerpflege","Valentinstag-Special","Valentinstagsgeschenke für Männer","Geschenke für Sie & Ihn","Geschenke für Ihn","Oster-Special","Geschenke für Ihn","Männerpflege","Gesichtspflege","Männerpflege","Körperpflege","Black Friday®","Geschenke für Ihn","Vitamine & Mineralstoffe","Vitamin- & Mineralstoff Kombinationen","Landingpages","Abo Produkte","Landingpages","SHOP APOTHEKE NOW!","Healthy Deals","Healthy Deals Aktionsprodukte","Healthy Deals","Healthy Deals Beauty & Pflege","Landingpages","Healthy Deals App-Angebote"],"manufacturer":"Orthomol pharmazeutische Vertriebs GmbH","pharmaForm":"Trinkampullen","brand":"","brandIntern":"Orthomol","subBrandIntern":"Beauty","activeSubstances":["Ubidecarenon","Kollagenhydrolysat","Natriumselenat","Biotin","Olivenfrucht-Extrakt","Natrium ascorbat","Hyaluronsäure, Natriumsalz","Zinksulfat","DL-α-Tocopherol acetat"],"additiveSubstances":["Aromastoffe, natürlich, naturidentisch","Sucralose","Maracujasaft-Konzentrat","Wasser, gereinigtes","Apfelsinenfruchtsaft-Konzentrat","Citronensäure","Acesulfam kalium","Kalium sorbat","Glycerol"],"additiveSubstancesHtml":"<ul><li>Aromastoffe, natürlich, naturidentisch</li><li>Sucralose</li><li>Maracujasaft-Konzentrat</li><li>Wasser, gereinigtes</li><li>Apfelsinenfruchtsaft-Konzentrat</li><li>Citronensäure</li><li>Acesulfam kalium</li><li>Kalium sorbat</li><li>Glycerol</li></ul>","descriptionShort":"Mit einer Kombination aus Kollagen, Hyaluronsäure und dem Phytamin-Q10-Komplex","keywords":[],"unit":"St","unitQuantityString":"30","masterID":"16016960","indicationRanges":["Ohne Angabe einer Indikation, da Nichtarzneimittel"],"ratingCount":2,"averageRating":3,"attributes":["Lebensmittel","Nahrungsergänzungsmittel","ABO"],"prescriptionMedicine":false,"price":6125,"listPrice":8188,"netRetailPrice":5280,"priceFormatted":"€ 61,25","listPriceFormatted":"€ 81,88","potency":"","ifap":"","image":"https://cdn.shop-apotheke.com/images/orthomol-beauty-for-men-trinkampullen-D16016960-p1.jpg","hasImage":true,"deeplink":"beauty/16016960/orthomol-beauty-for-men.htm","applicablePromotions":"","variantDetails":"16016960|16016960|25|30 St|6125|beauty/16016960/orthomol-beauty-for-men.htm|product.stockStatus.available","stockStatus":"","stockStatusReason":"product.stockStatus.available","inStock":true,"pricePerUnit":"","discountInPercent":25,"created":1571321901000,"lastChanged":1598572915000,"ratingsLink":"/produktbewertungen/16016960/orthomol-beauty-for-men.htm","ean":"","RPMultiplier":1,"ribbonText":"","primaryCategory":["Die Online-Apotheke für Deutschland","Die Online-Apotheke für Deutschland/Arzneimittel & weitere Produkte ","Die Online-Apotheke für Deutschland/Arzneimittel & weitere Produkte /Haut, Haare & Nägel","Die Online-Apotheke für Deutschland/Arzneimittel & weitere Produkte /Haut, Haare & Nägel/Schönheit von innen","Die Online-Apotheke für Deutschland/Arzneimittel & weitere Produkte /Haut, Haare & Nägel/Schönheit von innen/Nahrungsergänzungsmittel"],"topsellerCountBucket":11,"filterAttributes":["Lebensmittel","Nahrungsergänzungsmittel","ABO"],"filterRating":2,"packSize":"30 St","variants":[{"id":"16016960","text":"Mit einer Kombination aus Kollagen, Hyaluronsäure und dem Phytamin-Q10-Komplex","webDetailPath":"beauty/16016960/orthomol-beauty-for-men.htm","stock":"product.stockStatus.available","active":true,"discount":"25","retailPrice":"6125","listPrice":"8188","packSize":"30 St","nowProductGroup":"sameday_nextday","attributes":["Lebensmittel","Nahrungsergänzungsmittel","ABO"],"productName":"Orthomol beauty for men","pricePerUnit":"","imageUrl":"https://cdn.shop-apotheke.com/images/orthomol-beauty-for-men-trinkampullen-D16016960-p1.jpg","pharmaForm":"Trinkampullen","ribbonText":"","RPMultiplier":"1"}],"master":true,"marketplace":false,"nowProductGroup":"sameday_nextday","notOnStockMessage":"","stockStatusColor":"green","categoryCodes":["csd00001","csd00144","csd01088","csd00342","csd00324","csd00351","csd00233","csd01231","csd00398","csd00615","csd01370","csd01434","csd02352","csd02368","csd00622","csd02589","csd02590","csd02764","csd01447","csd02766","csd01435","csd02960","root","catalogs","main","landingpages","csd03339","csd03461","csd02968","csd03570","csd03635","csd02271","csd03670","csd03692"],"prices":{"listPrice":{"amount":81.88,"net":70.59,"currency":"EUR","info":{"index":1,"text":"AVP / UVP"}},"retailPrice":{"amount":61.25,"net":52.8,"currency":"EUR","info":{"index":1,"text":"AVP / UVP"}}},"calculatedRatingRanking":2.52,"objectID":"16016960","_highlightResult":{"activeSubstances":[{"value":"Ubidecarenon","matchLevel":"none","matchedWords":[]},{"value":"Kollagenhydrolysat","matchLevel":"none","matchedWords":[]},{"value":"Natriumselenat","matchLevel":"none","matchedWords":[]},{"value":"Biotin","matchLevel":"none","matchedWords":[]},{"value":"Olivenfrucht-Extrakt","matchLevel":"none","matchedWords":[]},{"value":"Natrium <ais-highlight-0000000000>a</ais-highlight-0000000000>scorbat","matchLevel":"full","fullyHighlighted":false,"matchedWords":["a"]},{"value":"Hyaluronsäure, Natriumsalz","matchLevel":"none","matchedWords":[]},{"value":"Zinksulfat","matchLevel":"none","matchedWords":[]},{"value":"DL-α-Tocopherol <ais-highlight-0000000000>a</ais-highlight-0000000000>cetat","matchLevel":"full","fullyHighlighted":false,"matchedWords":["a"]}]},"_rankingInfo":{"nbTypos":0,"firstMatchedWord":0,"proximityDistance":0,"userScore":265,"geoDistance":0,"geoPrecision":1,"nbExactWords":0,"words":1,"filters":1,"personalization":{"score":0,"rankingScore":0,"filtersScore":0,"textualRelevanceBucket":1,"initialPosition":235,"newPosition":235}}},{"brandCode":"","pzn":"08105320","productName":"Mund- & Nasenschutz für Kinder Einweg 3-lagig 50 Stück","secondaryCategories":["Krankenpflege","Einmalartikel","Landingpages","RedPoints Aktionsprodukte - Jetzt mehrfach punkten","Allergie & Asthma","Atemmasken & Zubehör","Landingpages","Healthy Deals App-Angebote","Healthy Deals","Healthy Deals RedPoints","Healthy Deals","RedPoints-Aktion","Landingpages","Newsletter Aktionen"],"manufacturer":"Diverse","pharmaForm":"Mundschutz","brand":"","brandIntern":"","subBrandIntern":"","activeSubstances":[],"additiveSubstances":[],"additiveSubstancesHtml":"","descriptionShort":"Zur Reduzierung einer Verbreitung von Bakterien und Viren speziell für Kinder","keywords":["mundschutz","schutzmaske","schutzmasken","masken","mundschutzmaske","maske","mundschutzmasken","atemschutzmasken","gesichtsmaske","atemschutz","Einmalmaske","atemschutzmaske","gesichtsmasken","coronamaske","coronamasken","behelfsmaske","behelfsmasken","Kindermaske","Kindermundschutz"],"unit":"St","unitQuantityString":"50","masterID":"08105320","indicationRanges":[],"ratingCount":0,"averageRating":0,"attributes":[],"prescriptionMedicine":false,"price":3897,"listPrice":0,"netRetailPrice":3359,"priceFormatted":"€ 38,97","listPriceFormatted":"","potency":"","ifap":"","image":"https://cdn.shop-apotheke.com/images/mund-nasenschutz-fuer-kinder-einweg-3-lagig-50-stueck-mundschutz-D08105320-p1.jpg","hasImage":true,"deeplink":"arzneimittel/8105320/mund-nasenschutz-fuer-kinder-einweg-3-lagig-50-stueck.htm","applicablePromotions":"","variantDetails":"08105320|08105320|0|50 St|3897|arzneimittel/8105320/mund-nasenschutz-fuer-kinder-einweg-3-lagig-50-stueck.htm|product.stockStatus.available","stockStatus":"","stockStatusReason":"product.stockStatus.available","inStock":true,"pricePerUnit":"","discountInPercent":0,"created":1590134528000,"lastChanged":1598571040000,"ratingsLink":"/produktbewertungen/8105320/mund-nasenschutz-fuer-kinder-einweg-3-lagig-50-stueck.htm","ean":"6931474729767","RPMultiplier":1,"ribbonText":"","primaryCategory":["Die Online-Apotheke für Deutschland","Die Online-Apotheke für Deutschland/Arzneimittel & weitere Produkte ","Die Online-Apotheke für Deutschland/Arzneimittel & weitere Produkte /Krankenpflege","Die Online-Apotheke für Deutschland/Arzneimittel & weitere Produkte /Krankenpflege/Schutzkleidung"],"topsellerCountBucket":11,"filterAttributes":[],"filterRating":5,"packSize":"50 St","variants":[{"id":"08105320","text":"Zur Reduzierung einer Verbreitung von Bakterien und Viren speziell für Kinder","webDetailPath":"arzneimittel/8105320/mund-nasenschutz-fuer-kinder-einweg-3-lagig-50-stueck.htm","stock":"product.stockStatus.available","active":true,"discount":"0","retailPrice":"3897","listPrice":"0","packSize":"50 St","nowProductGroup":"sameday_nextday","attributes":[],"productName":"Mund- & Nasenschutz für Kinder Einweg 3-lagig 50 Stück","pricePerUnit":"","imageUrl":"https://cdn.shop-apotheke.com/images/mund-nasenschutz-fuer-kinder-einweg-3-lagig-50-stueck-mundschutz-D08105320-p1.jpg","pharmaForm":"Mundschutz","ribbonText":"","RPMultiplier":"1"}],"master":true,"marketplace":false,"nowProductGroup":"sameday_nextday","notOnStockMessage":"","stockStatusColor":"green","categoryCodes":["csd00001","csd00195","csd03992","csd00010","csd00017","csd00197","root","catalogs","main","landingpages","csd02984","csd03042","csd01434","csd02968","csd03288","csd03461","csd03572"],"prices":{"listPrice":null,"retailPrice":{"amount":38.97,"net":33.59,"currency":"EUR","info":{"index":1,"text":"AVP / UVP"}}},"calculatedRatingRanking":2.5,"objectID":"08105320","_rankingInfo":{"nbTypos":0,"firstMatchedWord":0,"proximityDistance":0,"userScore":264,"geoDistance":0,"geoPrecision":1,"nbExactWords":0,"words":1,"filters":1,"personalization":{"score":0,"rankingScore":0,"filtersScore":0,"textualRelevanceBucket":1,"initialPosition":236,"newPosition":236}}},{"brandCode":"","pzn":"16622063","productName":"Ardeysept® Ethanol 80% (V/V)","secondaryCategories":["Krankenpflege","Desinfektionsmittel","Erkältung & Grippe","Desinfektion","Landingpages","Top 100"],"manufacturer":"Ardeypharm GmbH","pharmaForm":"Lösung","brand":"","brandIntern":"Ardeysept®","subBrandIntern":"","activeSubstances":["Ethanol 80% (V/V)"],"additiveSubstances":[],"additiveSubstancesHtml":"","descriptionShort":"Hand-Desinfektion in Einzeldosis","keywords":["Desinfektion","Desinfektionsmittel","Händedesinfektion","Handdesinfektion","Ethanol"],"unit":"ml","unitQuantityString":"25X4","masterID":"16622063","indicationRanges":["Antiseptika/ Desinfektionsmittel","Sonstige"],"ratingCount":3,"averageRating":5,"attributes":["Arzneimittel"],"prescriptionMedicine":false,"price":899,"listPrice":1413,"netRetailPrice":775,"priceFormatted":"€ 8,99","listPriceFormatted":"€ 14,13","potency":"","ifap":"","image":"https://cdn.shop-apotheke.com/images/ardeysept-ethanol-80-v-v-loesung-D16622063-p1.jpg","hasImage":true,"deeplink":"arzneimittel/16622063/ardeysept-ethanol-80-v-v.htm","applicablePromotions":"","variantDetails":"16622063|16622063|36|25X4 ml|899|arzneimittel/16622063/ardeysept-ethanol-80-v-v.htm|product.stockStatus.available","stockStatus":"","stockStatusReason":"product.stockStatus.available","inStock":true,"pricePerUnit":"8,99 € / 100 ml","discountInPercent":36,"created":1588667591000,"lastChanged":1598572988000,"ratingsLink":"/produktbewertungen/16622063/ardeysept-ethanol-80-v-v.htm","ean":"","RPMultiplier":1,"ribbonText":"","primaryCategory":["Die Online-Apotheke für Deutschland","Die Online-Apotheke für Deutschland/Arzneimittel & weitere Produkte ","Die Online-Apotheke für Deutschland/Arzneimittel & weitere Produkte /Haus- & Reiseapotheke","Die Online-Apotheke für Deutschland/Arzneimittel & weitere Produkte /Haus- & Reiseapotheke/Hausapotheke","Die Online-Apotheke für Deutschland/Arzneimittel & weitere Produkte /Haus- & Reiseapotheke/Hausapotheke/Desinfektionsmittel"],"topsellerCountBucket":10,"filterAttributes":[],"filterRating":0,"packSize":"25X4 ml","variants":[{"id":"16622063","text":"Hand-Desinfektion in Einzeldosis","webDetailPath":"arzneimittel/16622063/ardeysept-ethanol-80-v-v.htm","stock":"product.stockStatus.available","active":true,"discount":"36","retailPrice":"899","listPrice":"1413","packSize":"25X4 ml","nowProductGroup":"sameday_nextday","attributes":["Arzneimittel"],"productName":"Ardeysept® Ethanol 80% (V/V)","pricePerUnit":"8,99 € / 100 ml","imageUrl":"https://cdn.shop-apotheke.com/images/ardeysept-ethanol-80-v-v-loesung-D16622063-p1.jpg","pharmaForm":"Lösung","ribbonText":"","RPMultiplier":"1"}],"master":true,"marketplace":false,"nowProductGroup":"sameday_nextday","notOnStockMessage":"","stockStatusColor":"green","categoryCodes":["csd00001","csd00077","csd02753","csd00114","root","catalogs","main","landingpages","csd03040","csd00195","csd03217","csd00061","csd03649"],"prices":{"listPrice":{"amount":14.13,"net":12.18,"currency":"EUR","info":{"index":1,"text":"AVP / UVP"}},"retailPrice":{"amount":8.99,"net":7.75,"currency":"EUR","info":{"index":1,"text":"AVP / UVP"}}},"calculatedRatingRanking":2.64,"objectID":"16622063","_highlightResult":{"activeSubstances":[{"value":"Ethanol 80% (V/V)","matchLevel":"none","matchedWords":[]}]},"_rankingInfo":{"nbTypos":0,"firstMatchedWord":0,"proximityDistance":0,"userScore":263,"geoDistance":0,"geoPrecision":1,"nbExactWords":0,"words":1,"filters":1,"personalization":{"score":0,"rankingScore":0,"filtersScore":0,"textualRelevanceBucket":1,"initialPosition":237,"newPosition":237}}},{"brandCode":"csd2837","pzn":"15265282","productName":"Compeed® Blasenpflaster medium","secondaryCategories":["Reiseapotheke","Nützliche Reisebegleiter","Landingpages","NOW! Reiseapotheke","Landingpages","Top Kunden Sommer","Landingpages","SHOP APOTHEKE NOW!","Landingpages","RedPoints Sommeraktion"],"manufacturer":"HRA Pharma Deutschland GmbH","pharmaForm":"Pflaster","brand":"Compeed","brandIntern":"Compeed®","subBrandIntern":"","activeSubstances":[],"additiveSubstances":[],"additiveSubstancesHtml":"","descriptionShort":"Effektive, aber dezente Blasenbehandlung","keywords":[],"unit":"St","unitQuantityString":"10","masterID":"05995275","indicationRanges":[],"ratingCount":16,"averageRating":5,"attributes":[],"prescriptionMedicine":false,"price":1067,"listPrice":1295,"netRetailPrice":920,"priceFormatted":"€ 10,67","listPriceFormatted":"€ 12,95","potency":"","ifap":"","image":"https://cdn.shop-apotheke.com/images/compeed-blasenpflaster-medium-pflaster-D15265282-p1.jpg","hasImage":true,"deeplink":"arzneimittel/15265282/compeed-blasenpflaster-medium.htm","applicablePromotions":"","variantDetails":"05995275|15265282|18|10 St|1067|arzneimittel/15265282/compeed-blasenpflaster-medium.htm|product.stockStatus.available","stockStatus":"","stockStatusReason":"product.stockStatus.available","inStock":true,"pricePerUnit":"","discountInPercent":18,"created":1551693677000,"lastChanged":1598572792000,"ratingsLink":"/produktbewertungen/15265282/compeed-blasenpflaster-medium.htm","ean":"3663555002959","RPMultiplier":1,"ribbonText":"","primaryCategory":["Die Online-Apotheke für Deutschland","Die Online-Apotheke für Deutschland/Arzneimittel & weitere Produkte ","Die Online-Apotheke für Deutschland/Arzneimittel & weitere Produkte /Haut, Haare & Nägel","Die Online-Apotheke für Deutschland/Arzneimittel & weitere Produkte /Haut, Haare & Nägel/Haut","Die Online-Apotheke für Deutschland/Arzneimittel & weitere Produkte /Haut, Haare & Nägel/Haut/Blasen"],"topsellerCountBucket":10,"filterAttributes":[],"filterRating":0,"packSize":"10 St","variants":[{"id":"05995275","text":"Effektive, aber dezente Blasenbehandlung","webDetailPath":"arzneimittel/5995275/compeed-blasenpflaster-medium.htm","stock":"product.stockStatus.available","active":true,"discount":"28","retailPrice":"539","listPrice":"745","packSize":"5 St","nowProductGroup":"sameday_nextday","attributes":[],"productName":"Compeed® Blasenpflaster medium","pricePerUnit":"","imageUrl":"https://cdn.shop-apotheke.com/images/compeed-blasenpflaster-medium-pflaster-D05995275-p1.jpg","pharmaForm":"Pflaster","ribbonText":"","RPMultiplier":"1"},{"id":"15265282","text":"Effektive, aber dezente Blasenbehandlung","webDetailPath":"arzneimittel/15265282/compeed-blasenpflaster-medium.htm","stock":"product.stockStatus.available","active":false,"discount":"18","retailPrice":"1067","listPrice":"1295","packSize":"10 St","nowProductGroup":"sameday_nextday","attributes":[],"productName":"Compeed® Blasenpflaster medium","pricePerUnit":"","imageUrl":"https://cdn.shop-apotheke.com/images/compeed-blasenpflaster-medium-pflaster-D15265282-p1.jpg","pharmaForm":"Pflaster","ribbonText":"","RPMultiplier":"1"}],"master":false,"marketplace":true,"nowProductGroup":"sameday_nextday","notOnStockMessage":"","stockStatusColor":"green","categoryCodes":["csd00001","csd00144","csd00158","csd00160","csd00077","csd00116","csd02588","root","catalogs","main","landingpages","csd03339","csd03476","csd03715","csd04394"],"prices":{"listPrice":{"amount":12.95,"net":11.16,"currency":"EUR","info":{"index":1,"text":"AVP / UVP"}},"retailPrice":{"amount":10.67,"net":9.2,"currency":"EUR","info":{"index":1,"text":"AVP / UVP"}}},"calculatedRatingRanking":3.11,"objectID":"15265282","_rankingInfo":{"nbTypos":0,"firstMatchedWord":0,"proximityDistance":0,"userScore":262,"geoDistance":0,"geoPrecision":1,"nbExactWords":0,"words":1,"filters":1,"personalization":{"score":0,"rankingScore":0,"filtersScore":0,"textualRelevanceBucket":1,"initialPosition":238,"newPosition":238}}},{"brandCode":"csd2494","pzn":"14287703","productName":"ipalat® Hydro Med Lutschpastillen","secondaryCategories":["Landingpages","NOW! Erkältung","Landingpages","NOW! Schmerzen","Landingpages","NOW! Reiseapotheke","Erkältung & Grippe","Stimmprobleme","Erkältung & Grippe","Halsschmerzen","Landingpages","SHOP APOTHEKE NOW!"],"manufacturer":"Dr. Pfleger Arzneimittel GmbH","pharmaForm":"Pastillen","brand":"ipalat Halspastillen","brandIntern":"ipalat®","subBrandIntern":"","activeSubstances":["Hyetellose","Hyaluronsäure, Natriumsalz","Carrageenan","Arabisches Gummi"],"additiveSubstances":["Honig-Aroma","Sucralose","Maltitol","Wasser, gereinigtes","Bitterfenchelöl","Primelwurzel-Extrakt","Sternanisöl"],"additiveSubstancesHtml":"<ul><li>Honig-Aroma</li><li>Sucralose</li><li>Maltitol</li><li>Wasser, gereinigtes</li><li>Bitterfenchelöl</li><li>Primelwurzel-Extrakt</li><li>Sternanisöl</li></ul>","descriptionShort":"Bei Halsbeschwerden & Hustenreiz","keywords":[],"unit":"St","unitQuantityString":"30","masterID":"14287703","indicationRanges":["Mund-/ Rachentherapeutika und Zahnpflege","Mund-/ Rachentherapeutika","Lutschtabletten, lokalanästhetikafrei"],"ratingCount":12,"averageRating":5,"attributes":[],"prescriptionMedicine":false,"price":599,"listPrice":800,"netRetailPrice":570,"priceFormatted":"€ 5,99","listPriceFormatted":"€ 8,00","potency":"","ifap":"","image":"https://cdn.shop-apotheke.com/images/ipalat-hydro-med-lutschpastillen-pastillen-D14287703-p1.jpg","hasImage":true,"deeplink":"arzneimittel/14287703/ipalat-hydro-med-lutschpastillen.htm","applicablePromotions":"","variantDetails":"14287703|14287703|25|30 St|599|arzneimittel/14287703/ipalat-hydro-med-lutschpastillen.htm|product.stockStatus.available","stockStatus":"","stockStatusReason":"product.stockStatus.available","inStock":true,"pricePerUnit":"","discountInPercent":25,"created":1539079285000,"lastChanged":1598572687000,"ratingsLink":"/produktbewertungen/14287703/ipalat-hydro-med-lutschpastillen.htm","ean":"4028305001481","RPMultiplier":1,"ribbonText":"","primaryCategory":["Die Online-Apotheke für Deutschland","Die Online-Apotheke für Deutschland/Arzneimittel & weitere Produkte ","Die Online-Apotheke für Deutschland/Arzneimittel & weitere Produkte /Schmerzen","Die Online-Apotheke für Deutschland/Arzneimittel & weitere Produkte /Schmerzen/Halsschmerzen"],"topsellerCountBucket":10,"filterAttributes":[],"filterRating":0,"packSize":"30 St","variants":[{"id":"14287703","text":"Bei Halsbeschwerden & Hustenreiz","webDetailPath":"arzneimittel/14287703/ipalat-hydro-med-lutschpastillen.htm","stock":"product.stockStatus.available","active":true,"discount":"25","retailPrice":"599","listPrice":"800","packSize":"30 St","nowProductGroup":"sameday_nextday","attributes":[],"productName":"ipalat® Hydro Med Lutschpastillen","pricePerUnit":"","imageUrl":"https://cdn.shop-apotheke.com/images/ipalat-hydro-med-lutschpastillen-pastillen-D14287703-p1.jpg","pharmaForm":"Pastillen","ribbonText":"","RPMultiplier":"1"}],"master":true,"marketplace":true,"nowProductGroup":"sameday_nextday","notOnStockMessage":"","stockStatusColor":"green","categoryCodes":["csd00001","csd00269","csd00277","csd00061","csd00070","csd01057","root","catalogs","main","landingpages","csd03339","csd03341","csd03475","csd03476"],"prices":{"listPrice":{"amount":8,"net":7.62,"currency":"EUR","info":{"index":1,"text":"AVP / UVP"}},"retailPrice":{"amount":5.99,"net":5.7,"currency":"EUR","info":{"index":1,"text":"AVP / UVP"}}},"calculatedRatingRanking":2.98,"objectID":"14287703","_highlightResult":{"activeSubstances":[{"value":"Hyetellose","matchLevel":"none","matchedWords":[]},{"value":"Hyaluronsäure, Natriumsalz","matchLevel":"none","matchedWords":[]},{"value":"Carrageenan","matchLevel":"none","matchedWords":[]},{"value":"<ais-highlight-0000000000>A</ais-highlight-0000000000>rabisches Gummi","matchLevel":"full","fullyHighlighted":false,"matchedWords":["a"]}]},"_rankingInfo":{"nbTypos":0,"firstMatchedWord":0,"proximityDistance":0,"userScore":261,"geoDistance":0,"geoPrecision":1,"nbExactWords":0,"words":1,"filters":1,"personalization":{"score":0,"rankingScore":0,"filtersScore":0,"textualRelevanceBucket":1,"initialPosition":239,"newPosition":239}}},{"brandCode":"","pzn":"13580720","productName":"libiLoges® Filmtabletten","secondaryCategories":["Pflanzlich","Stärkungsmittel","Liebe & Lifestyle","Potenz & Stimulation","Männergesundheit","Potenz & Stimulation","Männergesundheit","Sexuelle Unlust"],"manufacturer":"Dr. Loges + Co. GmbH","pharmaForm":"Filmtabletten","brand":"","brandIntern":"Dr. Loges","subBrandIntern":"libiLoges®","activeSubstances":["Damianablätter-Trockenextrakt (5-7:1), Auszugsmittel Ethanol 90% (V/V)"],"additiveSubstances":["Croscarmellose natrium","Chlorophyllin-Kupfer-Komplex, Natriumsalz","Crospovidon","Siliciumdioxid, hochdisperses","Siliciumdioxid hydrat","Cellulose, mikrokristalline","Magnesium stearat (pflanzlich)","Riboflavin","Macrogol 3350","Poly(vinylalkohol)","Arabisches Gummi, sprühgetrocknet","Calciumcarbonat","Talkum"],"additiveSubstancesHtml":"<ul><li>Croscarmellose natrium</li><li>Chlorophyllin-Kupfer-Komplex, Natriumsalz</li><li>Crospovidon</li><li>Siliciumdioxid, hochdisperses</li><li>Siliciumdioxid hydrat</li><li>Cellulose, mikrokristalline</li><li>Magnesium stearat (pflanzlich)</li><li>Riboflavin</li><li>Macrogol 3350</li><li>Poly(vinylalkohol)</li><li>Arabisches Gummi, sprühgetrocknet</li><li>Calciumcarbonat</li><li>Talkum</li></ul>","descriptionShort":"Zur Anwendung als Aphrodisiakum bei nachlassendem sexuellem Verlangen","keywords":[],"unit":"St","unitQuantityString":"180","masterID":"13580714","indicationRanges":["Aufbaumittel","Phytopharmaka","Stärkungsmittel: Sexualtonika"],"ratingCount":1,"averageRating":5,"attributes":["apothekenpflichtig","pflanzlich","Arzneimittel"],"prescriptionMedicine":false,"price":5138,"listPrice":6424,"netRetailPrice":4429,"priceFormatted":"€ 51,38","listPriceFormatted":"€ 64,24","potency":"","ifap":"Traditionelles pflanzliches Arzneimittel zur Anwendung als Aphrodisiakum bei nachlassendem sexuellem Verlangen. Das Arzneimittel ist ein traditionelles Arzneimittel, das ausschließlich auf Grund langjähriger Anwendung für das Anwendungsgebiet registriert ist.","image":"https://cdn.shop-apotheke.com/images/libiloges-filmtabletten-filmtabletten-D13580720-p1.jpg","hasImage":true,"deeplink":"arzneimittel/13580720/libiloges-filmtabletten.htm","applicablePromotions":"","variantDetails":"13580714|13580720|20|180 St|5138|arzneimittel/13580720/libiloges-filmtabletten.htm|product.stockStatus.available","stockStatus":"","stockStatusReason":"product.stockStatus.available","inStock":true,"pricePerUnit":"","discountInPercent":20,"created":1513767633000,"lastChanged":1598572462000,"ratingsLink":"/produktbewertungen/13580720/libiloges-filmtabletten.htm","ean":"","RPMultiplier":1,"ribbonText":"","primaryCategory":["Die Online-Apotheke für Deutschland","Die Online-Apotheke für Deutschland/Arzneimittel & weitere Produkte ","Die Online-Apotheke für Deutschland/Arzneimittel & weitere Produkte /Liebe & Lifestyle","Die Online-Apotheke für Deutschland/Arzneimittel & weitere Produkte /Liebe & Lifestyle/Sexuelle Unlust"],"topsellerCountBucket":10,"filterAttributes":["pflanzlich"],"filterRating":0,"packSize":"180 St","variants":[{"id":"13580714","text":"Zur Anwendung als Aphrodisiakum bei nachlassendem sexuellem Verlangen","webDetailPath":"arzneimittel/13580714/libiloges-filmtabletten.htm","stock":"product.stockStatus.available","active":true,"discount":"20","retailPrice":"2812","listPrice":"3500","packSize":"90 St","nowProductGroup":"nextday","attributes":["apothekenpflichtig","pflanzlich","Arzneimittel"],"productName":"libiLoges® Filmtabletten","pricePerUnit":"","imageUrl":"https://cdn.shop-apotheke.com/images/libiloges-filmtabletten-filmtabletten-D13580714-p1.jpg","pharmaForm":"Filmtabletten","ribbonText":"","RPMultiplier":"1"},{"id":"13580720","text":"Zur Anwendung als Aphrodisiakum bei nachlassendem sexuellem Verlangen","webDetailPath":"arzneimittel/13580720/libiloges-filmtabletten.htm","stock":"product.stockStatus.available","active":false,"discount":"20","retailPrice":"5138","listPrice":"6424","packSize":"180 St","nowProductGroup":"sameday_nextday","attributes":["apothekenpflichtig","pflanzlich","Arzneimittel"],"productName":"libiLoges® Filmtabletten","pricePerUnit":"","imageUrl":"https://cdn.shop-apotheke.com/images/libiloges-filmtabletten-filmtabletten-D13580720-p1.jpg","pharmaForm":"Filmtabletten","ribbonText":"","RPMultiplier":"1"}],"master":false,"marketplace":false,"nowProductGroup":"sameday_nextday","notOnStockMessage":"","stockStatusColor":"green","categoryCodes":["csd00001","csd00207","csd00211","csd00210","csd00850","csd00851","csd00884","csd01073","csd00233","csd01108","csd01109"],"prices":{"listPrice":{"amount":64.24,"net":55.38,"currency":"EUR","info":{"index":1,"text":"AVP / UVP"}},"retailPrice":{"amount":51.38,"net":44.29,"currency":"EUR","info":{"index":1,"text":"AVP / UVP"}}},"calculatedRatingRanking":2.55,"objectID":"13580720","_highlightResult":{"activeSubstances":[{"value":"Damianablätter-Trockenextrakt (5-7:1), <ais-highlight-0000000000>A</ais-highlight-0000000000>uszugsmittel Ethanol 90% (V/V)","matchLevel":"full","fullyHighlighted":false,"matchedWords":["a"]}]},"_rankingInfo":{"nbTypos":0,"firstMatchedWord":0,"proximityDistance":0,"userScore":260,"geoDistance":0,"geoPrecision":1,"nbExactWords":0,"words":1,"filters":1,"personalization":{"score":0,"rankingScore":0,"filtersScore":0,"textualRelevanceBucket":1,"initialPosition":240,"newPosition":240}}},{"brandCode":"","pzn":"12427844","productName":"desmanol® care alkoholische Händedesinfektion","secondaryCategories":[],"manufacturer":"SCHÜLKE & MAYR GmbH","pharmaForm":"Lösung","brand":"","brandIntern":"Schülke","subBrandIntern":"desmanol®","activeSubstances":["Isopropanol","Ethanol 96% (V/V)"],"additiveSubstances":["Myristylalkohol","Butan-2-on","Dexpanthenol","Cetylstearylalkohol","Wasser, gereinigtes","Sorbitol-Lösung 70% (kristallisierend)"],"additiveSubstancesHtml":"<ul><li>Myristylalkohol</li><li>Butan-2-on</li><li>Dexpanthenol</li><li>Cetylstearylalkohol</li><li>Wasser, gereinigtes</li><li>Sorbitol-Lösung 70% (kristallisierend)</li></ul>","descriptionShort":"Zur hygienischen und chirurgischen Händedesinfektion","keywords":[],"unit":"ml","unitQuantityString":"500","masterID":"13354018","indicationRanges":["Antiseptika/ Desinfektionsmittel","Sonstige"],"ratingCount":3,"averageRating":5,"attributes":["Arzneimittel"],"prescriptionMedicine":false,"price":623,"listPrice":0,"netRetailPrice":537,"priceFormatted":"€ 6,23","listPriceFormatted":"","potency":"","ifap":"","image":"https://cdn.shop-apotheke.com/images/desmanol-care-alkoholische-haendedesinfektion-loesung-D12427844-p1.jpg","hasImage":true,"deeplink":"arzneimittel/12427844/desmanol-care-alkoholische-haendedesinfektion.htm","applicablePromotions":"","variantDetails":"13354018|12427844|0|500 ml|623|arzneimittel/12427844/desmanol-care-alkoholische-haendedesinfektion.htm|product.stockStatus.available","stockStatus":"","stockStatusReason":"product.stockStatus.available","inStock":true,"pricePerUnit":"12,46 € / l","discountInPercent":0,"created":1528452916000,"lastChanged":1598578321000,"ratingsLink":"/produktbewertungen/12427844/desmanol-care-alkoholische-haendedesinfektion.htm","ean":"4032651962228","RPMultiplier":1,"ribbonText":"","primaryCategory":["Die Online-Apotheke für Deutschland","Die Online-Apotheke für Deutschland/Arzneimittel & weitere Produkte ","Die Online-Apotheke für Deutschland/Arzneimittel & weitere Produkte /Haus- & Reiseapotheke","Die Online-Apotheke für Deutschland/Arzneimittel & weitere Produkte /Haus- & Reiseapotheke/Erste Hilfe & Verbandmittel","Die Online-Apotheke für Deutschland/Arzneimittel & weitere Produkte /Haus- & Reiseapotheke/Erste Hilfe & Verbandmittel/Haut- & Wunddesinfektion"],"topsellerCountBucket":10,"filterAttributes":[],"filterRating":0,"packSize":"500 ml","variants":[{"id":"13354018","text":"Zur hygienischen und chirurgischen Händedesinfektion","webDetailPath":"arzneimittel/13354018/desmanol-care-alkoholische-haendedesinfektion.htm","stock":"product.stockStatus.nl","active":true,"discount":"0","retailPrice":"181","listPrice":"0","packSize":"50 ml","nowProductGroup":"none","attributes":["Arzneimittel"],"productName":"desmanol® care alkoholische Händedesinfektion","pricePerUnit":"3,62 € / 100 ml","imageUrl":"https://cdn.shop-apotheke.com/images/desmanol-care-alkoholische-haendedesinfektion-loesung-D13354018-p1.jpg","pharmaForm":"Lösung","ribbonText":"","RPMultiplier":"1"},{"id":"12427838","text":"Zur hygienischen und chirurgischen Händedesinfektion","webDetailPath":"arzneimittel/12427838/desmanol-care-alkoholische-haendedesinfektion.htm","stock":"product.stockStatus.available","active":false,"discount":"0","retailPrice":"242","listPrice":"0","packSize":"100 ml","nowProductGroup":"sameday_nextday","attributes":["Arzneimittel"],"productName":"desmanol® care alkoholische Händedesinfektion","pricePerUnit":"2,42 € / 100 ml","imageUrl":"https://cdn.shop-apotheke.com/images/desmanol-care-alkoholische-haendedesinfektion-loesung-D12427838-p1.jpg","pharmaForm":"Lösung","ribbonText":"","RPMultiplier":"1"},{"id":"12427844","text":"Zur hygienischen und chirurgischen Händedesinfektion","webDetailPath":"arzneimittel/12427844/desmanol-care-alkoholische-haendedesinfektion.htm","stock":"product.stockStatus.available","active":false,"discount":"0","retailPrice":"623","listPrice":"0","packSize":"500 ml","nowProductGroup":"sameday_nextday","attributes":["Arzneimittel"],"productName":"desmanol® care alkoholische Händedesinfektion","pricePerUnit":"12,46 € / l","imageUrl":"https://cdn.shop-apotheke.com/images/desmanol-care-alkoholische-haendedesinfektion-loesung-D12427844-p1.jpg","pharmaForm":"Lösung","ribbonText":"","RPMultiplier":"1"},{"id":"12501552","text":"Zur hygienischen und chirurgischen Händedesinfektion","webDetailPath":"arzneimittel/12501552/desmanol-care-hyclick-alkoholische-haendedesinfektion.htm","stock":"product.stockStatus.nl","active":false,"discount":"0","retailPrice":"719","listPrice":"0","packSize":"500 ml","nowProductGroup":"sameday_nextday","attributes":["Arzneimittel"],"productName":"desmanol® care hyclick alkoholische Händedesinfektion","pricePerUnit":"14,38 € / l","imageUrl":"https://cdn.shop-apotheke.com/images/desmanol-care-hyclick-alkoholische-haendedesinfektion-loesung-D12501552-p1.jpg","pharmaForm":"Lösung","ribbonText":"","RPMultiplier":"1"},{"id":"12427815","text":"Zur hygienischen und chirurgischen Händedesinfektion","webDetailPath":"arzneimittel/12427815/desmanol-care-alkoholische-haendedesinfektion.htm","stock":"product.stockStatus.nl","active":false,"discount":"0","retailPrice":"964","listPrice":"0","packSize":"1000 ml","nowProductGroup":"none","attributes":["Arzneimittel"],"productName":"desmanol® care alkoholische Händedesinfektion","pricePerUnit":"9,64 € / l","imageUrl":"https://cdn.shop-apotheke.com/images/desmanol-care-alkoholische-haendedesinfektion-loesung-D12427815-p1.jpg","pharmaForm":"Lösung","ribbonText":"","RPMultiplier":"1"},{"id":"12427809","text":"Zur hygienischen und chirurgischen Händedesinfektion","webDetailPath":"arzneimittel/12427809/desmanol-care-alkoholische-haendedesinfektion.htm","stock":"product.stockStatus.available","active":false,"discount":"0","retailPrice":"984","listPrice":"0","packSize":"1000 ml","nowProductGroup":"nextday","attributes":["Arzneimittel"],"productName":"desmanol® care alkoholische Händedesinfektion","pricePerUnit":"9,84 € / l","imageUrl":"https://cdn.shop-apotheke.com/images/desmanol-care-alkoholische-haendedesinfektion-loesung-D12427809-p1.jpg","pharmaForm":"Lösung","ribbonText":"","RPMultiplier":"1"},{"id":"12501546","text":"Zur hygienischen und chirurgischen Händedesinfektion","webDetailPath":"arzneimittel/12501546/desmanol-care-hyclick-alkoholische-haendedesinfektion.htm","stock":"product.stockStatus.nl","active":false,"discount":"0","retailPrice":"1020","listPrice":"0","packSize":"1000 ml","nowProductGroup":"none","attributes":["Arzneimittel"],"productName":"desmanol® care hyclick alkoholische Händedesinfektion","pricePerUnit":"10,20 € / l","imageUrl":"https://cdn.shop-apotheke.com/images/desmanol-care-hyclick-alkoholische-haendedesinfektion-loesung-D12501546-p1.jpg","pharmaForm":"Lösung","ribbonText":"","RPMultiplier":"1"}],"master":false,"marketplace":false,"nowProductGroup":"sameday_nextday","notOnStockMessage":"","stockStatusColor":"green","categoryCodes":["csd00001","csd00077","csd00078","csd00092"],"prices":{"listPrice":null,"retailPrice":{"amount":6.23,"net":5.37,"currency":"EUR","info":{"index":1,"text":"AVP / UVP"}}},"calculatedRatingRanking":2.64,"objectID":"12427844","_highlightResult":{"activeSubstances":[{"value":"Isopropanol","matchLevel":"none","matchedWords":[]},{"value":"Ethanol 96% (V/V)","matchLevel":"none","matchedWords":[]}]},"_rankingInfo":{"nbTypos":0,"firstMatchedWord":0,"proximityDistance":0,"userScore":259,"geoDistance":0,"geoPrecision":1,"nbExactWords":0,"words":1,"filters":1,"personalization":{"score":0,"rankingScore":0,"filtersScore":0,"textualRelevanceBucket":1,"initialPosition":241,"newPosition":241}}},{"brandCode":"csd03728","pzn":"11722423","productName":"IBU-ratiopharm® direkt 400 mg Pulver zum Einnehmen","secondaryCategories":["Landingpages","NOW! Erkältung","Landingpages","Flash Deal Erkaeltung","Landingpages","NOW! Schmerzen","Landingpages","NOW! Reiseapotheke","Schmerzen","Migräne","Schmerzen","Fiebersenkende Schmerzmittel","Erkältung & Grippe","Fiebersenkende Schmerzmittel","Landingpages","Gesund durch den Karneval","Landingpages","SHOP APOTHEKE NOW!"],"manufacturer":"ratiopharm GmbH","pharmaForm":"Pulver","brand":"ratiopharm IBU","brandIntern":"ratiopharm","subBrandIntern":"IBU-ratiopharm®","activeSubstances":["Ibuprofen"],"additiveSubstances":["Zitronen-Aroma","Glyceroldistearat","Citronensäure","Acesulfam kalium","Isomalt"],"additiveSubstancesHtml":"<ul><li>Zitronen-Aroma</li><li>Glyceroldistearat</li><li>Citronensäure</li><li>Acesulfam kalium</li><li>Isomalt</li></ul>","descriptionShort":"Zur Einnahme bei leichten bis mäßig starken Schmerzen und Fieber","keywords":[],"unit":"St","unitQuantityString":"20","masterID":"11722423","indicationRanges":["Analgetika/ Antipyretika","Antipyretisch wirkende Analgetika","Arylpropionsäure-Derivate (Monopräparate)"],"ratingCount":12,"averageRating":5,"attributes":["apothekenpflichtig","Arzneimittel"],"prescriptionMedicine":false,"price":592,"listPrice":872,"netRetailPrice":510,"priceFormatted":"€ 5,92","listPriceFormatted":"€ 8,72","potency":"","ifap":"Ibuprofen ist ein schmerzstillendes und fiebersenkendes Arzneimittel (nicht-steroidales Antirheumatikum [NSAR]). Dieses Arzneimittel ist angezeigt zur kurzzeitigen symptomatischen Behandlung vonleichten bis mäßig starken Schmerzen Fieber. Das Arzneimittel wird bei Jugendlichen ab 40 kg Körpergewicht (ab 12 Jahren) und Erwachsenen angewendet. Wenn Sie sich nicht besser oder gar schlechter fühlen, wenden Sie sich an Ihren Arztnach 3 Tagen bei Jugendlichen. nach 3 Tagen bei der Behandlung von Fieber bzw. nach 4 Tagen bei der Behandlung von Schmerzen bei Erwachsenen.","image":"https://cdn.shop-apotheke.com/images/ibu-ratiopharm-direkt-400-mg-pulver-zum-einnehmen-pulver-D11722423-p1.jpg","hasImage":true,"deeplink":"arzneimittel/11722423/ibu-ratiopharm-direkt-400-mg-pulver-zum-einnehmen.htm","applicablePromotions":"","variantDetails":"11722423|11722423|32|20 St|592|arzneimittel/11722423/ibu-ratiopharm-direkt-400-mg-pulver-zum-einnehmen.htm|product.stockStatus.available","stockStatus":"","stockStatusReason":"product.stockStatus.available","inStock":true,"pricePerUnit":"","discountInPercent":32,"created":1522057555000,"lastChanged":1598591342000,"ratingsLink":"/produktbewertungen/11722423/ibu-ratiopharm-direkt-400-mg-pulver-zum-einnehmen.htm","ean":"","RPMultiplier":1,"ribbonText":"","primaryCategory":["Die Online-Apotheke für Deutschland","Die Online-Apotheke für Deutschland/Arzneimittel & weitere Produkte ","Die Online-Apotheke für Deutschland/Arzneimittel & weitere Produkte /Schmerzen","Die Online-Apotheke für Deutschland/Arzneimittel & weitere Produkte /Schmerzen/Kopfschmerzen","Die Online-Apotheke für Deutschland/Arzneimittel & weitere Produkte /Schmerzen/Kopfschmerzen/Ibuprofen"],"topsellerCountBucket":10,"filterAttributes":[],"filterRating":0,"packSize":"20 St","variants":[{"id":"11722423","text":"Zur Einnahme bei leichten bis mäßig starken Schmerzen und Fieber","webDetailPath":"arzneimittel/11722423/ibu-ratiopharm-direkt-400-mg-pulver-zum-einnehmen.htm","stock":"product.stockStatus.available","active":true,"discount":"32","retailPrice":"592","listPrice":"872","packSize":"20 St","nowProductGroup":"nextday","attributes":["apothekenpflichtig","Arzneimittel"],"productName":"IBU-ratiopharm® direkt 400 mg Pulver zum Einnehmen","pricePerUnit":"","imageUrl":"https://cdn.shop-apotheke.com/images/ibu-ratiopharm-direkt-400-mg-pulver-zum-einnehmen-pulver-D11722423-p1.jpg","pharmaForm":"Pulver","ribbonText":"","RPMultiplier":"1"}],"master":true,"marketplace":true,"nowProductGroup":"nextday","notOnStockMessage":"","stockStatusColor":"green","categoryCodes":["csd00001","csd00269","csd02394","csd02397","csd00275","csd00278","csd00061","csd01059","root","catalogs","main","landingpages","csd03339","csd03341","csd03475","csd03476","csd03524","csd03716"],"prices":{"listPrice":{"amount":8.72,"net":7.52,"currency":"EUR","info":{"index":1,"text":"AVP / UVP"}},"retailPrice":{"amount":5.92,"net":5.1,"currency":"EUR","info":{"index":1,"text":"AVP / UVP"}}},"calculatedRatingRanking":2.98,"objectID":"11722423","_highlightResult":{"activeSubstances":[{"value":"Ibuprofen","matchLevel":"none","matchedWords":[]}]},"_rankingInfo":{"nbTypos":0,"firstMatchedWord":0,"proximityDistance":0,"userScore":258,"geoDistance":0,"geoPrecision":1,"nbExactWords":0,"words":1,"filters":1,"personalization":{"score":0,"rankingScore":0,"filtersScore":0,"textualRelevanceBucket":1,"initialPosition":242,"newPosition":242}}},{"brandCode":"csd2819","pzn":"11550548","productName":"Nurofen® 200 mg Schmelztabletten Lemon","secondaryCategories":["Frauengesundheit","Menstruationsbeschwerden","Baby- & Kindergesundheit","Erkältung, Schmerzen & Fieber","Schmerzen","Zahnschmerzen","Black Friday®","30% und mehr","Specials","Neujahrs-Special","Landingpages","NOW! Erkältung","Black Friday®","Erkältungs-Produkte","Landingpages","Angebote aus der App-otheke ","Landingpages","Top Kunden Sommer","Erkältung & Grippe","Fiebersenkende Schmerzmittel","Kopfschmerzen","Ibuprofen","Healthy Deals","RedPoints-Aktion","Landingpages","Top 100"],"manufacturer":"Reckitt Benckiser Deutschland GmbH","pharmaForm":"Schmelztabletten","brand":"Nurofen","brandIntern":"NUROFEN®","subBrandIntern":"","activeSubstances":["Ibuprofen"],"additiveSubstances":["Magnesium stearat","Croscarmellose natrium","Hypromellose","Ethylcellulose","Zitronen-Aroma","Aspartam","Siliciumdioxid, gefällt","Mannitol"],"additiveSubstancesHtml":"<ul><li>Magnesium stearat</li><li>Croscarmellose natrium</li><li>Hypromellose</li><li>Ethylcellulose</li><li>Zitronen-Aroma</li><li>Aspartam</li><li>Siliciumdioxid, gefällt</li><li>Mannitol</li></ul>","descriptionShort":"Für Kinder ab 6 Jahren & Erwachsene zur Anwendung bei leichten bis mäßig starken Schmerzen","keywords":["halsschmerzen","halsweh"],"unit":"St","unitQuantityString":"24","masterID":"02547582","indicationRanges":["Analgetika/ Antipyretika","Antipyretisch wirkende Analgetika","Arylpropionsäure-Derivate (Monopräparate)","Gynäkologika/ Vaginaltherapeutika","Antidysmenorrhoika","Analgetika"],"ratingCount":37,"averageRating":5,"attributes":["apothekenpflichtig","Arzneimittel"],"prescriptionMedicine":false,"price":992,"listPrice":1392,"netRetailPrice":855,"priceFormatted":"€ 9,92","listPriceFormatted":"€ 13,92","potency":"","ifap":"Das Arzneimittel enthält 200 mg Ibuprofen. Ibuprofen gehört zu der Gruppe von Arzneimitteln, die nicht-steroidale Antiphlogistika (NSAR) genannt werden. Dieses Arzneimittel wirkt, indem es Schmerzen, Schwellung und erhöhte Temperatur beeinflusst. Das Arzneimittel wird angewendet zur:Linderung von leichten bis mäßig starken Schmerzen wie Kopfschmerzen, Zahnschmerzen und Regelschmerzen Fiebersenkung","image":"https://cdn.shop-apotheke.com/images/nurofen-200-mg-schmelztabletten-lemon-schmelztabletten-D11550548-p1.jpg","hasImage":true,"deeplink":"arzneimittel/11550548/nurofen-200-mg-schmelztabletten-lemon.htm","applicablePromotions":"","variantDetails":"02547582|11550548|29|24 St|992|arzneimittel/11550548/nurofen-200-mg-schmelztabletten-lemon.htm|product.stockStatus.available","stockStatus":"","stockStatusReason":"product.stockStatus.available","inStock":true,"pricePerUnit":"","discountInPercent":29,"created":1459935318000,"lastChanged":1598572114000,"ratingsLink":"/produktbewertungen/11550548/nurofen-200-mg-schmelztabletten-lemon.htm","ean":"4002448090175","RPMultiplier":1,"ribbonText":"","primaryCategory":["Die Online-Apotheke für Deutschland","Die Online-Apotheke für Deutschland/Arzneimittel & weitere Produkte ","Die Online-Apotheke für Deutschland/Arzneimittel & weitere Produkte /Schmerzen","Die Online-Apotheke für Deutschland/Arzneimittel & weitere Produkte /Schmerzen/Fiebersenkende Schmerzmittel"],"topsellerCountBucket":10,"filterAttributes":[],"filterRating":0,"packSize":"24 St","variants":[{"id":"02547582","text":"Für Kinder ab 6 Jahren & Erwachsene zur Anwendung bei leichten bis mäßig starken Schmerzen","webDetailPath":"arzneimittel/2547582/nurofen-200-mg-schmelztabletten-lemon.htm","stock":"product.stockStatus.available","active":true,"discount":"29","retailPrice":"609","listPrice":"856","packSize":"12 St","nowProductGroup":"sameday_nextday","attributes":["apothekenpflichtig","Arzneimittel"],"productName":"Nurofen® 200 mg Schmelztabletten Lemon","pricePerUnit":"","imageUrl":"https://cdn.shop-apotheke.com/images/nurofen-200-mg-schmelztabletten-lemon-schmelztabletten-D02547582-p1.jpg","pharmaForm":"Schmelztabletten","ribbonText":"","RPMultiplier":"1"},{"id":"11550548","text":"Für Kinder ab 6 Jahren & Erwachsene zur Anwendung bei leichten bis mäßig starken Schmerzen","webDetailPath":"arzneimittel/11550548/nurofen-200-mg-schmelztabletten-lemon.htm","stock":"product.stockStatus.available","active":false,"discount":"29","retailPrice":"992","listPrice":"1392","packSize":"24 St","nowProductGroup":"sameday_nextday","attributes":["apothekenpflichtig","Arzneimittel"],"productName":"Nurofen® 200 mg Schmelztabletten Lemon","pricePerUnit":"","imageUrl":"https://cdn.shop-apotheke.com/images/nurofen-200-mg-schmelztabletten-lemon-schmelztabletten-D11550548-p1.jpg","pharmaForm":"Schmelztabletten","ribbonText":"","RPMultiplier":"1"},{"id":"03443838","text":"Für Kinder ab 6 Jahren & Erwachsene zur Anwendung bei leichten bis mäßig starken Schmerzen","webDetailPath":"arzneimittel/3443838/nurofen-200-mg-schmelztabletten-lemon.htm","stock":"product.stockStatus.available","active":false,"discount":"24","retailPrice":"1626","listPrice":"2144","packSize":"48 St","nowProductGroup":"sameday_nextday","attributes":["apothekenpflichtig","Arzneimittel"],"productName":"Nurofen® 200 mg Schmelztabletten Lemon ","pricePerUnit":"","imageUrl":"https://cdn.shop-apotheke.com/images/nurofen-200-mg-schmelztabletten-lemon-schmelztabletten-D03443838-p1.jpg","pharmaForm":"Schmelztabletten","ribbonText":"","RPMultiplier":"1"}],"master":false,"marketplace":false,"nowProductGroup":"sameday_nextday","notOnStockMessage":"","stockStatusColor":"green","categoryCodes":["csd00001","csd00269","csd00275","csd00072","csd00075","csd00282","csd00362","csd02667","csd00372","csd00374","csd00061","csd01059","csd01434","csd01461","csd02394","csd02397","csd02271","csd02859","csd02862","root","catalogs","main","landingpages","csd03040","csd02968","csd03288","csd03341","csd03684","csd03715"],"prices":{"listPrice":{"amount":13.92,"net":12,"currency":"EUR","info":{"index":1,"text":"AVP / UVP"}},"retailPrice":{"amount":9.92,"net":8.55,"currency":"EUR","info":{"index":1,"text":"AVP / UVP"}}},"calculatedRatingRanking":3.56,"objectID":"11550548","_highlightResult":{"activeSubstances":[{"value":"Ibuprofen","matchLevel":"none","matchedWords":[]}]},"_rankingInfo":{"nbTypos":0,"firstMatchedWord":0,"proximityDistance":0,"userScore":257,"geoDistance":0,"geoPrecision":1,"nbExactWords":0,"words":1,"filters":1,"personalization":{"score":0,"rankingScore":0,"filtersScore":0,"textualRelevanceBucket":1,"initialPosition":243,"newPosition":243}}},{"brandCode":"csd2947","pzn":"11362108","productName":"Hansaplast Sensitive XL Pflaster 6 x 7 cm","secondaryCategories":["Pflaster","Für empfindliche Haut","Landingpages","SHOP APOTHEKE NOW!","Healthy Deals","RedPoints-Aktion"],"manufacturer":"Beiersdorf AG","pharmaForm":"Pflaster","brand":"Hansaplast","brandIntern":"Hansaplast","subBrandIntern":"Sensitive","activeSubstances":[],"additiveSubstances":[],"additiveSubstancesHtml":"","descriptionShort":"Sterile Wundverbände  für sensible Haut","keywords":[],"unit":"St","unitQuantityString":"5","masterID":"11362108","indicationRanges":[],"ratingCount":4,"averageRating":5,"attributes":[],"prescriptionMedicine":false,"price":244,"listPrice":275,"netRetailPrice":210,"priceFormatted":"€ 2,44","listPriceFormatted":"€ 2,75","potency":"","ifap":"","image":"https://cdn.shop-apotheke.com/images/hansaplast-sensitive-xl-pflaster-6-x-7-cm-pflaster-D11362108-p1.jpg","hasImage":true,"deeplink":"arzneimittel/11362108/hansaplast-sensitive-xl-pflaster-6-x-7-cm.htm","applicablePromotions":"","variantDetails":"11362108|11362108|11|5 St|244|arzneimittel/11362108/hansaplast-sensitive-xl-pflaster-6-x-7-cm.htm|product.stockStatus.available","stockStatus":"","stockStatusReason":"product.stockStatus.available","inStock":true,"pricePerUnit":"","discountInPercent":11,"created":1458803701000,"lastChanged":1598572072000,"ratingsLink":"/produktbewertungen/11362108/hansaplast-sensitive-xl-pflaster-6-x-7-cm.htm","ean":"4005800151040","RPMultiplier":1,"ribbonText":"","primaryCategory":["Die Online-Apotheke für Deutschland","Die Online-Apotheke für Deutschland/Arzneimittel & weitere Produkte ","Die Online-Apotheke für Deutschland/Arzneimittel & weitere Produkte /Haus- & Reiseapotheke","Die Online-Apotheke für Deutschland/Arzneimittel & weitere Produkte /Haus- & Reiseapotheke/Erste Hilfe & Verbandmittel","Die Online-Apotheke für Deutschland/Arzneimittel & weitere Produkte /Haus- & Reiseapotheke/Erste Hilfe & Verbandmittel/Wundversorgung","Die Online-Apotheke für Deutschland/Arzneimittel & weitere Produkte /Haus- & Reiseapotheke/Erste Hilfe & Verbandmittel/Wundversorgung/Pflaster","Die Online-Apotheke für Deutschland/Arzneimittel & weitere Produkte /Haus- & Reiseapotheke/Erste Hilfe & Verbandmittel/Wundversorgung/Pflaster/empfindliche Haut"],"topsellerCountBucket":10,"filterAttributes":[],"filterRating":0,"packSize":"5 St","variants":[{"id":"11362108","text":"Sterile Wundverbände  für sensible Haut","webDetailPath":"arzneimittel/11362108/hansaplast-sensitive-xl-pflaster-6-x-7-cm.htm","stock":"product.stockStatus.available","active":true,"discount":"11","retailPrice":"244","listPrice":"275","packSize":"5 St","nowProductGroup":"sameday_nextday","attributes":[],"productName":"Hansaplast Sensitive XL Pflaster 6 x 7 cm","pricePerUnit":"","imageUrl":"https://cdn.shop-apotheke.com/images/hansaplast-sensitive-xl-pflaster-6-x-7-cm-pflaster-D11362108-p1.jpg","pharmaForm":"Pflaster","ribbonText":"","RPMultiplier":"1"}],"master":true,"marketplace":true,"nowProductGroup":"sameday_nextday","notOnStockMessage":"","stockStatusColor":"green","categoryCodes":["csd00001","csd00077","csd00078","csd00094","csd00102","csd00103","csd01434","csd02968","csd03288","root","catalogs","main","landingpages","csd03339","brandshop","csd1825","csd1827","csd1832"],"prices":{"listPrice":{"amount":2.75,"net":2.37,"currency":"EUR","info":{"index":1,"text":"AVP / UVP"}},"retailPrice":{"amount":2.44,"net":2.1,"currency":"EUR","info":{"index":1,"text":"AVP / UVP"}}},"calculatedRatingRanking":2.69,"objectID":"11362108","_rankingInfo":{"nbTypos":0,"firstMatchedWord":0,"proximityDistance":0,"userScore":256,"geoDistance":0,"geoPrecision":1,"nbExactWords":0,"words":1,"filters":1,"personalization":{"score":0,"rankingScore":0,"filtersScore":0,"textualRelevanceBucket":1,"initialPosition":244,"newPosition":244}}},{"brandCode":"csd01783","pzn":"09704814","productName":"Zinkletten Verla® Himbeere","secondaryCategories":["Black Friday®","30% und mehr","Landingpages","Flash Deal Mineralstoffe"],"manufacturer":"Verla-Pharm Arzneimittel GmbH & Co. KG","pharmaForm":"Lutschtabletten","brand":"Zinkletten","brandIntern":"VERLA","subBrandIntern":"Zinkletten Verla®","activeSubstances":["Zink citrat","Ascorbinsäure"],"additiveSubstances":["Maltodextrin","Himbeer-Aroma","Glucose","Speisefettsäuren, Magnesiumsalze","Maltose","Saccharose","Rote Bete-Saftpulver","Fettsäuren"],"additiveSubstancesHtml":"<ul><li>Maltodextrin</li><li>Himbeer-Aroma</li><li>Glucose</li><li>Speisefettsäuren, Magnesiumsalze</li><li>Maltose</li><li>Saccharose</li><li>Rote Bete-Saftpulver</li><li>Fettsäuren</li></ul>","descriptionShort":"Nahrungsergänzungsmittel mit der sinnvollen Kombination aus Zink und Vitamin C","keywords":[],"unit":"St","unitQuantityString":"100","masterID":"03915467","indicationRanges":["Mineralstoffe (Therapie und Substitution)","Verschiedene Mineralstoff-Präparate","Sonstige"],"ratingCount":35,"averageRating":5,"attributes":["Lebensmittel","Nahrungsergänzungsmittel"],"prescriptionMedicine":false,"price":1077,"listPrice":1388,"netRetailPrice":1026,"priceFormatted":"€ 10,77","listPriceFormatted":"€ 13,88","potency":"","ifap":"","image":"https://cdn.shop-apotheke.com/images/zinkletten-verla-himbeere-lutschtabletten-D09704814-p1.jpg","hasImage":true,"deeplink":"arzneimittel/9704814/zinkletten-verla-himbeere.htm","applicablePromotions":"","variantDetails":"03915467|09704814|22|100 St|1077|arzneimittel/9704814/zinkletten-verla-himbeere.htm|product.stockStatus.available","stockStatus":"","stockStatusReason":"product.stockStatus.available","inStock":true,"pricePerUnit":"","discountInPercent":22,"created":1445166917000,"lastChanged":1598571519000,"ratingsLink":"/produktbewertungen/9704814/zinkletten-verla-himbeere.htm","ean":"","RPMultiplier":1,"ribbonText":"","primaryCategory":["Die Online-Apotheke für Deutschland","Die Online-Apotheke für Deutschland/Arzneimittel & weitere Produkte ","Die Online-Apotheke für Deutschland/Arzneimittel & weitere Produkte /Vitamine & Mineralstoffe","Die Online-Apotheke für Deutschland/Arzneimittel & weitere Produkte /Vitamine & Mineralstoffe/Vitamin- & Mineralstoff Kombinationen"],"topsellerCountBucket":10,"filterAttributes":["Lebensmittel","Nahrungsergänzungsmittel"],"filterRating":0,"packSize":"100 St","variants":[{"id":"03915467","text":"Mit Zink und Vitamin C","webDetailPath":"arzneimittel/3915467/zinkletten-verla-himbeere-lutschtabletten.htm","stock":"product.stockStatus.available","active":true,"discount":"25","retailPrice":"591","listPrice":"784","packSize":"50 St","nowProductGroup":"sameday_nextday","attributes":["Lebensmittel","Nahrungsergänzungsmittel"],"productName":"Zinkletten Verla® Himbeere Lutschtabletten","pricePerUnit":"","imageUrl":"https://cdn.shop-apotheke.com/images/zinkletten-verla-himbeere-lutschtabletten-lutschtabletten-D03915467-p1.jpg","pharmaForm":"Lutschtabletten","ribbonText":"","RPMultiplier":"1"},{"id":"09704814","text":"Nahrungsergänzungsmittel mit der sinnvollen Kombination aus Zink und Vitamin C","webDetailPath":"arzneimittel/9704814/zinkletten-verla-himbeere.htm","stock":"product.stockStatus.available","active":false,"discount":"22","retailPrice":"1077","listPrice":"1388","packSize":"100 St","nowProductGroup":"sameday_nextday","attributes":["Lebensmittel","Nahrungsergänzungsmittel"],"productName":"Zinkletten Verla® Himbeere","pricePerUnit":"","imageUrl":"https://cdn.shop-apotheke.com/images/zinkletten-verla-himbeere-lutschtabletten-D09704814-p1.jpg","pharmaForm":"Lutschtabletten","ribbonText":"","RPMultiplier":"1"}],"master":false,"marketplace":false,"nowProductGroup":"sameday_nextday","notOnStockMessage":"","stockStatusColor":"green","categoryCodes":["csd00001","csd00324","csd00351","csd01434","csd02271","csd02859","root","catalogs","main","landingpages","csd03526"],"prices":{"listPrice":{"amount":13.88,"net":13.22,"currency":"EUR","info":{"index":1,"text":"AVP / UVP"}},"retailPrice":{"amount":10.77,"net":10.26,"currency":"EUR","info":{"index":1,"text":"AVP / UVP"}}},"calculatedRatingRanking":3.53,"objectID":"09704814","_highlightResult":{"activeSubstances":[{"value":"Zink citrat","matchLevel":"none","matchedWords":[]},{"value":"<ais-highlight-0000000000>A</ais-highlight-0000000000>scorbinsäure","matchLevel":"full","fullyHighlighted":false,"matchedWords":["a"]}]},"_rankingInfo":{"nbTypos":0,"firstMatchedWord":0,"proximityDistance":0,"userScore":255,"geoDistance":0,"geoPrecision":1,"nbExactWords":0,"words":1,"filters":1,"personalization":{"score":0,"rankingScore":0,"filtersScore":0,"textualRelevanceBucket":1,"initialPosition":245,"newPosition":245}}},{"brandCode":"","pzn":"09297958","productName":"desderman® pure","secondaryCategories":["Krankenpflege","Desinfektionsmittel","Erkältung & Grippe","Desinfektion","Healthy Deals","RedPoints-Aktion"],"manufacturer":"SCHÜLKE & MAYR GmbH","pharmaForm":"Lösung","brand":"","brandIntern":"schülke","subBrandIntern":"desderman®","activeSubstances":["Biphenyl-2-ol","Ethanol 96% (V/V)"],"additiveSubstances":["Isopropanol","(RS)-2-Ethylhexansäurehexadecyl/octadecylester","Povidon K30","Wasser, gereinigtes","Isopropyl myristat","Sorbitol-Lösung 70% (kristallisierend)"],"additiveSubstancesHtml":"<ul><li>Isopropanol</li><li>(RS)-2-Ethylhexansäurehexadecyl/octadecylester</li><li>Povidon K30</li><li>Wasser, gereinigtes</li><li>Isopropyl myristat</li><li>Sorbitol-Lösung 70% (kristallisierend)</li></ul>","descriptionShort":"Für die hygienische und chirurgische Händedesinfektion","keywords":[],"unit":"ml","unitQuantityString":"100","masterID":"09297958","indicationRanges":["Antiseptika/ Desinfektionsmittel","Phenolderivathaltige"],"ratingCount":7,"averageRating":5,"attributes":["Arzneimittel"],"prescriptionMedicine":false,"price":590,"listPrice":637,"netRetailPrice":509,"priceFormatted":"€ 5,90","listPriceFormatted":"€ 6,37","potency":"","ifap":"","image":"https://cdn.shop-apotheke.com/images/desderman-pure-loesung-D09297958-p1.jpg","hasImage":true,"deeplink":"arzneimittel/9297958/desderman-pure.htm","applicablePromotions":"","variantDetails":"09297958|09297958|7|100 ml|590|arzneimittel/9297958/desderman-pure.htm|product.stockStatus.available","stockStatus":"","stockStatusReason":"product.stockStatus.available","inStock":true,"pricePerUnit":"5,90 € / 100 ml","discountInPercent":7,"created":1445173850000,"lastChanged":1598571378000,"ratingsLink":"/produktbewertungen/9297958/desderman-pure.htm","ean":"4032651168231","RPMultiplier":1,"ribbonText":"","primaryCategory":["Die Online-Apotheke für Deutschland","Die Online-Apotheke für Deutschland/Arzneimittel & weitere Produkte ","Die Online-Apotheke für Deutschland/Arzneimittel & weitere Produkte /Haus- & Reiseapotheke","Die Online-Apotheke für Deutschland/Arzneimittel & weitere Produkte /Haus- & Reiseapotheke/Hausapotheke","Die Online-Apotheke für Deutschland/Arzneimittel & weitere Produkte /Haus- & Reiseapotheke/Hausapotheke/Desinfektionsmittel"],"topsellerCountBucket":10,"filterAttributes":[],"filterRating":0,"packSize":"100 ml","variants":[{"id":"09297958","text":"Für die hygienische und chirurgische Händedesinfektion","webDetailPath":"arzneimittel/9297958/desderman-pure.htm","stock":"product.stockStatus.available","active":true,"discount":"7","retailPrice":"590","listPrice":"637","packSize":"100 ml","nowProductGroup":"sameday_nextday","attributes":["Arzneimittel"],"productName":"desderman® pure","pricePerUnit":"5,90 € / 100 ml","imageUrl":"https://cdn.shop-apotheke.com/images/desderman-pure-loesung-D09297958-p1.jpg","pharmaForm":"Lösung","ribbonText":"","RPMultiplier":"1"},{"id":"01510559","text":"Für die hygienische und chirurgische Händedesinfektion","webDetailPath":"arzneimittel/1510559/desderman-pure.htm","stock":"product.stockStatus.available","active":false,"discount":"18","retailPrice":"1066","listPrice":"1296","packSize":"500 ml","nowProductGroup":"sameday_nextday","attributes":["Arzneimittel"],"productName":"desderman® pure","pricePerUnit":"21,32 € / l","imageUrl":"https://cdn.shop-apotheke.com/images/desderman-pure-loesung-D01510559-p10.jpg","pharmaForm":"Lösung","ribbonText":"","RPMultiplier":"1"}],"master":true,"marketplace":true,"nowProductGroup":"sameday_nextday","notOnStockMessage":"","stockStatusColor":"green","categoryCodes":["csd00001","csd00077","csd02753","csd00114","csd00195","csd03217","csd01434","csd02968","csd03288","csd00061","csd03649"],"prices":{"listPrice":{"amount":6.37,"net":5.49,"currency":"EUR","info":{"index":1,"text":"AVP / UVP"}},"retailPrice":{"amount":5.9,"net":5.09,"currency":"EUR","info":{"index":1,"text":"AVP / UVP"}}},"calculatedRatingRanking":2.81,"objectID":"09297958","_highlightResult":{"activeSubstances":[{"value":"Biphenyl-2-ol","matchLevel":"none","matchedWords":[]},{"value":"Ethanol 96% (V/V)","matchLevel":"none","matchedWords":[]}]},"_rankingInfo":{"nbTypos":0,"firstMatchedWord":0,"proximityDistance":0,"userScore":254,"geoDistance":0,"geoPrecision":1,"nbExactWords":0,"words":1,"filters":1,"personalization":{"score":0,"rankingScore":0,"filtersScore":0,"textualRelevanceBucket":1,"initialPosition":246,"newPosition":246}}},{"brandCode":"csd2950","pzn":"04827529","productName":"Hansaplast Sensitive Strips","secondaryCategories":["Pflaster","Für empfindliche Haut","Landingpages","SHOP APOTHEKE NOW!"],"manufacturer":"Beiersdorf AG","pharmaForm":"Pflaster","brand":"Hansaplast Sensitive","brandIntern":"Hansaplast","subBrandIntern":"Sensitive","activeSubstances":[],"additiveSubstances":[],"additiveSubstancesHtml":"","descriptionShort":"Wundstrips für sehr empfindliche Haut in 2 Größen","keywords":[],"unit":"St","unitQuantityString":"20","masterID":"04827529","indicationRanges":[],"ratingCount":8,"averageRating":5,"attributes":[],"prescriptionMedicine":false,"price":375,"listPrice":385,"netRetailPrice":323,"priceFormatted":"€ 3,75","listPriceFormatted":"€ 3,85","potency":"","ifap":"","image":"https://cdn.shop-apotheke.com/images/hansaplast-sensitive-strips-pflaster-D04827529-p1.jpg","hasImage":true,"deeplink":"arzneimittel/4827529/hansaplast-sensitive-strips.htm","applicablePromotions":"","variantDetails":"04827529|04827529|3|20 St|375|arzneimittel/4827529/hansaplast-sensitive-strips.htm|product.stockStatus.available","stockStatus":"","stockStatusReason":"product.stockStatus.available","inStock":true,"pricePerUnit":"","discountInPercent":3,"created":1445163628000,"lastChanged":1598569936000,"ratingsLink":"/produktbewertungen/4827529/hansaplast-sensitive-strips.htm","ean":"4005800402975","RPMultiplier":1,"ribbonText":"","primaryCategory":["Die Online-Apotheke für Deutschland","Die Online-Apotheke für Deutschland/Arzneimittel & weitere Produkte ","Die Online-Apotheke für Deutschland/Arzneimittel & weitere Produkte /Haus- & Reiseapotheke","Die Online-Apotheke für Deutschland/Arzneimittel & weitere Produkte /Haus- & Reiseapotheke/Erste Hilfe & Verbandmittel","Die Online-Apotheke für Deutschland/Arzneimittel & weitere Produkte /Haus- & Reiseapotheke/Erste Hilfe & Verbandmittel/Wundversorgung","Die Online-Apotheke für Deutschland/Arzneimittel & weitere Produkte /Haus- & Reiseapotheke/Erste Hilfe & Verbandmittel/Wundversorgung/Pflaster","Die Online-Apotheke für Deutschland/Arzneimittel & weitere Produkte /Haus- & Reiseapotheke/Erste Hilfe & Verbandmittel/Wundversorgung/Pflaster/empfindliche Haut"],"topsellerCountBucket":10,"filterAttributes":[],"filterRating":0,"packSize":"20 St","variants":[{"id":"04827529","text":"Wundstrips für sehr empfindliche Haut in 2 Größen","webDetailPath":"arzneimittel/4827529/hansaplast-sensitive-strips.htm","stock":"product.stockStatus.available","active":true,"discount":"3","retailPrice":"375","listPrice":"385","packSize":"20 St","nowProductGroup":"sameday_nextday","attributes":[],"productName":"Hansaplast Sensitive Strips","pricePerUnit":"","imageUrl":"https://cdn.shop-apotheke.com/images/hansaplast-sensitive-strips-pflaster-D04827529-p1.jpg","pharmaForm":"Pflaster","ribbonText":"","RPMultiplier":"1"},{"id":"04749769","text":"Wundschutz für empfindliche Haut","webDetailPath":"arzneimittel/4749769/hansaplast-sensitive-strips.htm","stock":"product.stockStatus.available","active":false,"discount":"12","retailPrice":"450","listPrice":"510","packSize":"40 St","nowProductGroup":"sameday_nextday","attributes":[],"productName":"Hansaplast Sensitive Strips","pricePerUnit":"","imageUrl":"https://cdn.shop-apotheke.com/images/hansaplast-sensitive-strips-pflaster-D04749769-p1.jpg","pharmaForm":"Pflaster","ribbonText":"","RPMultiplier":"1"}],"master":true,"marketplace":false,"nowProductGroup":"sameday_nextday","notOnStockMessage":"","stockStatusColor":"green","categoryCodes":["csd00001","csd00077","csd00078","csd00094","csd00102","csd00103","root","catalogs","main","landingpages","csd03339","brandshop","csd1825","csd1827","csd1832"],"prices":{"listPrice":{"amount":3.85,"net":3.32,"currency":"EUR","info":{"index":1,"text":"AVP / UVP"}},"retailPrice":{"amount":3.75,"net":3.23,"currency":"EUR","info":{"index":1,"text":"AVP / UVP"}}},"calculatedRatingRanking":2.84,"objectID":"04827529","_rankingInfo":{"nbTypos":0,"firstMatchedWord":0,"proximityDistance":0,"userScore":253,"geoDistance":0,"geoPrecision":1,"nbExactWords":0,"words":1,"filters":1,"personalization":{"score":0,"rankingScore":0,"filtersScore":0,"textualRelevanceBucket":1,"initialPosition":247,"newPosition":247}}},{"brandCode":"","pzn":"03839631","productName":"Brand- und Wundgel Medice®","secondaryCategories":["Landingpages","NOW! Reiseapotheke","Landingpages","SHOP APOTHEKE NOW!","Healthy Deals","Healthy Deals Reiseapotheke","Landingpages","Healthy Deals App-Angebote"],"manufacturer":"MEDICE Arzneimittel Pütter GmbH&Co.KG","pharmaForm":"Gel","brand":"","brandIntern":"Brand- und Wundgel Medice®","subBrandIntern":"","activeSubstances":["Benzethonium chlorid","Harnstoff","Macrogol-9-laurylether"],"additiveSubstances":["Natrium alginat","Wasser, gereinigtes","Natriumdihydrogenphosphat-2-Wasser","Dinatriumhydrogenphosphat-12-Wasser","Kalium sorbat","Glycerol 85%"],"additiveSubstancesHtml":"<ul><li>Natrium alginat</li><li>Wasser, gereinigtes</li><li>Natriumdihydrogenphosphat-2-Wasser</li><li>Dinatriumhydrogenphosphat-12-Wasser</li><li>Kalium sorbat</li><li>Glycerol 85%</li></ul>","descriptionShort":"Zur Behandlung von Verbrennungen, Sonnenbrand, Schürfwunden und Insektenstichen","keywords":[],"unit":"g","unitQuantityString":"50","masterID":"03839625","indicationRanges":["Dermatotherapeutika","Therapie von infizierten und nicht infizierten Hautläsionen","Sonstige antibakteriell bzw. antiseptisch wirkende Präparate"],"ratingCount":24,"averageRating":5,"attributes":[],"prescriptionMedicine":false,"price":814,"listPrice":1018,"netRetailPrice":702,"priceFormatted":"€ 8,14","listPriceFormatted":"€ 10,18","potency":"","ifap":"","image":"https://cdn.shop-apotheke.com/images/brand-und-wundgel-medice-gel-D03839631-p1.jpg","hasImage":true,"deeplink":"arzneimittel/3839631/brand-und-wundgel-medice.htm","applicablePromotions":"","variantDetails":"03839625|03839631|20|50 g|814|arzneimittel/3839631/brand-und-wundgel-medice.htm|product.stockStatus.available","stockStatus":"","stockStatusReason":"product.stockStatus.available","inStock":true,"pricePerUnit":"16,28 € / 100 g","discountInPercent":20,"created":1445170812000,"lastChanged":1598569636000,"ratingsLink":"/produktbewertungen/3839631/brand-und-wundgel-medice.htm","ean":"4251595200276","RPMultiplier":1,"ribbonText":"","primaryCategory":["Die Online-Apotheke für Deutschland","Die Online-Apotheke für Deutschland/Arzneimittel & weitere Produkte ","Die Online-Apotheke für Deutschland/Arzneimittel & weitere Produkte /Haus- & Reiseapotheke","Die Online-Apotheke für Deutschland/Arzneimittel & weitere Produkte /Haus- & Reiseapotheke/Hausapotheke","Die Online-Apotheke für Deutschland/Arzneimittel & weitere Produkte /Haus- & Reiseapotheke/Hausapotheke/Wundheilung"],"topsellerCountBucket":10,"filterAttributes":[],"filterRating":0,"packSize":"50 g","variants":[{"id":"03839625","text":"Zur Behandlung von Verbrennungen, Sonnenbrand, Schürfwunden und Insektenstichen","webDetailPath":"arzneimittel/3839625/brand-und-wundgel-medice.htm","stock":"product.stockStatus.available","active":true,"discount":"23","retailPrice":"409","listPrice":"533","packSize":"25 g","nowProductGroup":"sameday_nextday","attributes":[],"productName":"Brand- und Wundgel Medice®","pricePerUnit":"16,36 € / 100 g","imageUrl":"https://cdn.shop-apotheke.com/images/brand-und-wundgel-medice-gel-D03839625-p1.jpg","pharmaForm":"Gel","ribbonText":"","RPMultiplier":"1"},{"id":"03839631","text":"Zur Behandlung von Verbrennungen, Sonnenbrand, Schürfwunden und Insektenstichen","webDetailPath":"arzneimittel/3839631/brand-und-wundgel-medice.htm","stock":"product.stockStatus.available","active":false,"discount":"20","retailPrice":"814","listPrice":"1018","packSize":"50 g","nowProductGroup":"sameday_nextday","attributes":[],"productName":"Brand- und Wundgel Medice®","pricePerUnit":"16,28 € / 100 g","imageUrl":"https://cdn.shop-apotheke.com/images/brand-und-wundgel-medice-gel-D03839631-p1.jpg","pharmaForm":"Gel","ribbonText":"","RPMultiplier":"1"}],"master":false,"marketplace":true,"nowProductGroup":"sameday_nextday","notOnStockMessage":"","stockStatusColor":"green","categoryCodes":["csd00001","csd00077","csd02753","csd00141","root","catalogs","main","landingpages","csd03339","csd03461","csd03476","csd01434","csd02968","csd03569"],"prices":{"listPrice":{"amount":10.18,"net":8.78,"currency":"EUR","info":{"index":1,"text":"AVP / UVP"}},"retailPrice":{"amount":8.14,"net":7.02,"currency":"EUR","info":{"index":1,"text":"AVP / UVP"}}},"calculatedRatingRanking":3.31,"objectID":"03839631","_highlightResult":{"activeSubstances":[{"value":"Benzethonium chlorid","matchLevel":"none","matchedWords":[]},{"value":"Harnstoff","matchLevel":"none","matchedWords":[]},{"value":"Macrogol-9-laurylether","matchLevel":"none","matchedWords":[]}]},"_rankingInfo":{"nbTypos":0,"firstMatchedWord":0,"proximityDistance":0,"userScore":252,"geoDistance":0,"geoPrecision":1,"nbExactWords":0,"words":1,"filters":1,"personalization":{"score":0,"rankingScore":0,"filtersScore":0,"textualRelevanceBucket":1,"initialPosition":248,"newPosition":248}}},{"brandCode":"","pzn":"03277274","productName":"Sofort-Kälte-Kompresse 13 x 15 cm","secondaryCategories":["Landingpages","SHOP APOTHEKE NOW!"],"manufacturer":"Asid Bonz GmbH","pharmaForm":"Kompressen","brand":"","brandIntern":"ASID BONZ","subBrandIntern":"","activeSubstances":[],"additiveSubstances":[],"additiveSubstancesHtml":"","descriptionShort":"Für sekundenschnelle Kältebehandlung","keywords":[],"unit":"St","unitQuantityString":"1","masterID":"03277274","indicationRanges":[],"ratingCount":1,"averageRating":5,"attributes":[],"prescriptionMedicine":false,"price":166,"listPrice":0,"netRetailPrice":143,"priceFormatted":"€ 1,66","listPriceFormatted":"","potency":"","ifap":"","image":"https://cdn.shop-apotheke.com/images/sofort-kaelte-kompresse-13-x-15-cm-kompressen-D03277274-p1.jpg","hasImage":true,"deeplink":"arzneimittel/3277274/sofort-kaelte-kompresse-13-x-15-cm.htm","applicablePromotions":"","variantDetails":"03277274|03277274|0|1 St|166|arzneimittel/3277274/sofort-kaelte-kompresse-13-x-15-cm.htm|product.stockStatus.available","stockStatus":"","stockStatusReason":"product.stockStatus.available","inStock":true,"pricePerUnit":"","discountInPercent":0,"created":1481111028000,"lastChanged":1598569465000,"ratingsLink":"/produktbewertungen/3277274/sofort-kaelte-kompresse-13-x-15-cm.htm","ean":"4029675011223","RPMultiplier":1,"ribbonText":"","primaryCategory":["Die Online-Apotheke für Deutschland","Die Online-Apotheke für Deutschland/Arzneimittel & weitere Produkte ","Die Online-Apotheke für Deutschland/Arzneimittel & weitere Produkte /Schmerzen","Die Online-Apotheke für Deutschland/Arzneimittel & weitere Produkte /Schmerzen/Äußerliche Anwendung","Die Online-Apotheke für Deutschland/Arzneimittel & weitere Produkte /Schmerzen/Äußerliche Anwendung/Kälte- & Wärmetherapie"],"topsellerCountBucket":10,"filterAttributes":[],"filterRating":0,"packSize":"1 St","variants":[{"id":"03277274","text":"Für sekundenschnelle Kältebehandlung","webDetailPath":"arzneimittel/3277274/sofort-kaelte-kompresse-13-x-15-cm.htm","stock":"product.stockStatus.available","active":true,"discount":"0","retailPrice":"166","listPrice":"0","packSize":"1 St","nowProductGroup":"sameday_nextday","attributes":[],"productName":"Sofort-Kälte-Kompresse 13 x 15 cm","pricePerUnit":"","imageUrl":"https://cdn.shop-apotheke.com/images/sofort-kaelte-kompresse-13-x-15-cm-kompressen-D03277274-p1.jpg","pharmaForm":"Kompressen","ribbonText":"","RPMultiplier":"1"}],"master":true,"marketplace":true,"nowProductGroup":"sameday_nextday","notOnStockMessage":"","stockStatusColor":"green","categoryCodes":["csd00001","csd00269","csd00271","csd00272","root","catalogs","main","landingpages","csd03339"],"prices":{"listPrice":null,"retailPrice":{"amount":1.66,"net":1.43,"currency":"EUR","info":{"index":1,"text":"AVP / UVP"}}},"calculatedRatingRanking":2.55,"objectID":"03277274","_rankingInfo":{"nbTypos":0,"firstMatchedWord":0,"proximityDistance":0,"userScore":251,"geoDistance":0,"geoPrecision":1,"nbExactWords":0,"words":1,"filters":1,"personalization":{"score":0,"rankingScore":0,"filtersScore":0,"textualRelevanceBucket":1,"initialPosition":249,"newPosition":249}}},{"brandCode":"csd01990","pzn":"03045368","productName":"ADDITIVA® Vitamin C + Zink Depot 300 mg Kapseln","secondaryCategories":["Erkältung & Grippe","Vitamin C","Landingpages","Fit in den Frühling","Black Friday®","Wohl durch den Winter","Black Friday®","Erkältungs-Produkte","Sportlernährstoffe","Vitamin C","Healthy Deals","Healthy Deals Ernährung, Sport & Abnehmen","Landingpages","Healthy Deals App-Angebote","Healthy Deals","RedPoints-Aktion"],"manufacturer":"Dr.B.Scheffler Nachf. GmbH & Co. KG","pharmaForm":"Kapseln","brand":"Additiva","brandIntern":"ADDITIVA®","subBrandIntern":"","activeSubstances":[],"additiveSubstances":[],"additiveSubstancesHtml":"","descriptionShort":"Nahrungsergänzungsmittel zur Unterstützung einer normalen Funktion des Immunsystems","keywords":["Vitamine","Vitamin C","Zink","Immunstärkung","Erkältung"],"unit":"St","unitQuantityString":"60","masterID":"03045368","indicationRanges":[],"ratingCount":7,"averageRating":5,"attributes":["Lebensmittel","Nahrungsergänzungsmittel"],"prescriptionMedicine":false,"price":554,"listPrice":795,"netRetailPrice":528,"priceFormatted":"€ 5,54","listPriceFormatted":"€ 7,95","potency":"","ifap":"","image":"https://cdn.shop-apotheke.com/images/additiva-vitamin-c-zink-depot-300-mg-kapseln-kapseln-D03045368-p1.jpg","hasImage":true,"deeplink":"arzneimittel/3045368/additiva-vitamin-c-zink-depot-300-mg-kapseln.htm","applicablePromotions":"","variantDetails":"03045368|03045368|30|60 St|554|arzneimittel/3045368/additiva-vitamin-c-zink-depot-300-mg-kapseln.htm|product.stockStatus.available","stockStatus":"","stockStatusReason":"product.stockStatus.available","inStock":true,"pricePerUnit":"","discountInPercent":30,"created":1445173215000,"lastChanged":1598569392000,"ratingsLink":"/produktbewertungen/3045368/additiva-vitamin-c-zink-depot-300-mg-kapseln.htm","ean":"","RPMultiplier":1,"ribbonText":"","primaryCategory":["Die Online-Apotheke für Deutschland","Die Online-Apotheke für Deutschland/Arzneimittel & weitere Produkte ","Die Online-Apotheke für Deutschland/Arzneimittel & weitere Produkte /Vitamine & Mineralstoffe","Die Online-Apotheke für Deutschland/Arzneimittel & weitere Produkte /Vitamine & Mineralstoffe/Vitaminpräparate","Die Online-Apotheke für Deutschland/Arzneimittel & weitere Produkte /Vitamine & Mineralstoffe/Vitaminpräparate/Vitamin C"],"topsellerCountBucket":10,"filterAttributes":["Lebensmittel","Nahrungsergänzungsmittel"],"filterRating":0,"packSize":"60 St","variants":[{"id":"03045368","text":"Nahrungsergänzungsmittel zur Unterstützung einer normalen Funktion des Immunsystems","webDetailPath":"arzneimittel/3045368/additiva-vitamin-c-zink-depot-300-mg-kapseln.htm","stock":"product.stockStatus.available","active":true,"discount":"30","retailPrice":"554","listPrice":"795","packSize":"60 St","nowProductGroup":"sameday_nextday","attributes":["Lebensmittel","Nahrungsergänzungsmittel"],"productName":"ADDITIVA® Vitamin C + Zink Depot 300 mg Kapseln","pricePerUnit":"","imageUrl":"https://cdn.shop-apotheke.com/images/additiva-vitamin-c-zink-depot-300-mg-kapseln-kapseln-D03045368-p1.jpg","pharmaForm":"Kapseln","ribbonText":"","RPMultiplier":"1"}],"master":true,"marketplace":false,"nowProductGroup":"sameday_nextday","notOnStockMessage":"","stockStatusColor":"green","categoryCodes":["csd00001","csd00324","csd00352","csd00357","csd00061","csd01078","csd01434","csd02271","csd02862","csd02968","csd03288","root","catalogs","main","landingpages","csd03291","csd03461","csd03571","csd03575","csd00283","csd03623","csd03634","csd03668"],"prices":{"listPrice":{"amount":7.95,"net":7.57,"currency":"EUR","info":{"index":1,"text":"AVP / UVP"}},"retailPrice":{"amount":5.54,"net":5.28,"currency":"EUR","info":{"index":1,"text":"AVP / UVP"}}},"calculatedRatingRanking":2.81,"objectID":"03045368","_rankingInfo":{"nbTypos":0,"firstMatchedWord":0,"proximityDistance":0,"userScore":350,"geoDistance":0,"geoPrecision":1,"nbExactWords":0,"words":1,"filters":1,"personalization":{"score":0,"rankingScore":0,"filtersScore":0,"textualRelevanceBucket":1,"initialPosition":250,"newPosition":250}}},{"brandCode":"","pzn":"00676387","productName":"Viburcol® N Suppositorien","secondaryCategories":["Baby- & Kindergesundheit","Beruhigung","Baby- & Kindergesundheit","Homöopathie für Kinder","Baby- & Kindergesundheit","Erkältung, Schmerzen & Fieber","Black Friday®","30% und mehr","Landingpages","NOW! Erkältung","Black Friday®","Erkältungs-Produkte","UNSERE ADVENTS-ÜBERASCHUNG EXKLUSIV FÜR UNSERE BESTEN KUNDEN.","Advent 2","Homöopathisch","Grippale Infekte","Homöopathische Mittel","Grippale Infekte","Landingpages","SHOP APOTHEKE NOW!"],"manufacturer":"Biologische Heilmittel Heel GmbH","pharmaForm":"Kinder- und Säuglings-Suppositorien","brand":"","brandIntern":"Heel","subBrandIntern":"Viburcol®","activeSubstances":["Atropa belladonna D2","Plantago major D3","Chamomilla recutita D1","Pulsatilla pratensis D2","Calcium carbonicum Hahnemanni D8"],"additiveSubstances":["Hartfett"],"additiveSubstancesHtml":"<ul><li>Hartfett</li></ul>","descriptionShort":"Homöopathisches Arzneimittel bei Unruhezuständen","keywords":[],"unit":"St","unitQuantityString":"12","masterID":"00676387","indicationRanges":["Atemwegskrankheiten und grippale Infekte","Homöopathika","Mittel bei grippalen Infekten"],"ratingCount":22,"averageRating":5,"attributes":["apothekenpflichtig","homöopathisch","Arzneimittel"],"prescriptionMedicine":false,"price":743,"listPrice":1018,"netRetailPrice":641,"priceFormatted":"€ 7,43","listPriceFormatted":"€ 10,18","potency":"","ifap":"Homöopathisches Arzneimittel bei Unruhezuständen. Die Anwendungsgebiete leiten sich von den homöopathischen Arzneimittelbildern ab. Dazu gehören: Krankheitsbedingte Unruhezustände bei Säuglingen und Kleinkindern. Zur Besserung der Beschwerden bei Erkältungskrankheiten im Säuglings- und Kindesalter.  Hinweis: Bei Atemnot, Fieber, eitrigem oder blutigem Auswurf, sowie bei anhaltenden, unklaren oder neu auftretenden Bauchschmerzen sollte ein Arzt aufgesucht werden, da es sich um Erkrankungen handeln kann, die einer ärztlichen Abklärung bedürfen.","image":"https://cdn.shop-apotheke.com/images/viburcol-n-suppositorien-kinder-und-saeuglings-suppositorien-D00676387-p1.jpg","hasImage":true,"deeplink":"homoeopathie/676387/viburcol-n-suppositorien.htm","applicablePromotions":"","variantDetails":"00676387|00676387|27|12 St|743|homoeopathie/676387/viburcol-n-suppositorien.htm|product.stockStatus.available","stockStatus":"","stockStatusReason":"product.stockStatus.available","inStock":true,"pricePerUnit":"","discountInPercent":27,"created":1445175035000,"lastChanged":1598578383000,"ratingsLink":"/produktbewertungen/676387/viburcol-n-suppositorien.htm","ean":"4047642008809","RPMultiplier":1,"ribbonText":"","primaryCategory":["Die Online-Apotheke für Deutschland","Die Online-Apotheke für Deutschland/Homöopathie & Naturprodukte","Die Online-Apotheke für Deutschland/Homöopathie & Naturprodukte/Homöopathie für Kinder"],"topsellerCountBucket":10,"filterAttributes":["homöopathisch"],"filterRating":0,"packSize":"12 St","variants":[{"id":"00676387","text":"Homöopathisches Arzneimittel bei Unruhezuständen","webDetailPath":"homoeopathie/676387/viburcol-n-suppositorien.htm","stock":"product.stockStatus.available","active":true,"discount":"27","retailPrice":"743","listPrice":"1018","packSize":"12 St","nowProductGroup":"sameday_nextday","attributes":["apothekenpflichtig","homöopathisch","Arzneimittel"],"productName":"Viburcol® N Suppositorien","pricePerUnit":"","imageUrl":"https://cdn.shop-apotheke.com/images/viburcol-n-suppositorien-kinder-und-saeuglings-suppositorien-D00676387-p1.jpg","pharmaForm":"Kinder- und Säuglings-Suppositorien","ribbonText":"","RPMultiplier":"1"}],"master":true,"marketplace":true,"nowProductGroup":"sameday_nextday","notOnStockMessage":"","stockStatusColor":"green","categoryCodes":["csd00850","csd02760","csd00362","csd02667","csd00372","csd00373","csd00374","csd00851","csd00852","csd00860","csd00001","csd01434","csd02271","csd02859","csd02862","csd03186","csd00061","csd03191","csd03192","root","catalogs","main","landingpages","csd03339","csd03341","csd03646","csd03643"],"prices":{"listPrice":{"amount":10.18,"net":8.78,"currency":"EUR","info":{"index":1,"text":"AVP / UVP"}},"retailPrice":{"amount":7.43,"net":6.41,"currency":"EUR","info":{"index":1,"text":"AVP / UVP"}}},"calculatedRatingRanking":3.26,"objectID":"00676387","_highlightResult":{"activeSubstances":[{"value":"<ais-highlight-0000000000>A</ais-highlight-0000000000>tropa belladonna D2","matchLevel":"full","fullyHighlighted":false,"matchedWords":["a"]},{"value":"Plantago major D3","matchLevel":"none","matchedWords":[]},{"value":"Chamomilla recutita D1","matchLevel":"none","matchedWords":[]},{"value":"Pulsatilla pratensis D2","matchLevel":"none","matchedWords":[]},{"value":"Calcium carbonicum Hahnemanni D8","matchLevel":"none","matchedWords":[]}]},"_rankingInfo":{"nbTypos":0,"firstMatchedWord":0,"proximityDistance":0,"userScore":349,"geoDistance":0,"geoPrecision":1,"nbExactWords":0,"words":1,"filters":1,"personalization":{"score":0,"rankingScore":0,"filtersScore":0,"textualRelevanceBucket":1,"initialPosition":251,"newPosition":251}}},{"brandCode":"csd2826","pzn":"04830483","productName":"octenisept® Wässriges Wund- und Schleimhautantiseptikum mit Sprühpumpe","secondaryCategories":["Hausapotheke","Wundheilung","octenisept<sup>®</sup>","Wundversorgung","Landingpages","octenisept®","Black Friday®","40% und mehr","Landingpages","Weltgesundheitstag: Hausapotheke"],"manufacturer":"SCHÜLKE & MAYR GmbH","pharmaForm":"Lösung","brand":"octenisept Lösung","brandIntern":"schülke","subBrandIntern":"octenisept®","activeSubstances":["Phenoxyethanol","Octenidin dihydrochlorid"],"additiveSubstances":["Cocamidopropyl betain","Natriumhydroxid zur pH-Wert-Einstellung","Wasser, gereinigtes","D-Gluconsäure, Natriumsalz","Natriumchlorid","Glycerol 85%"],"additiveSubstancesHtml":"<ul><li>Cocamidopropyl betain</li><li>Natriumhydroxid zur pH-Wert-Einstellung</li><li>Wasser, gereinigtes</li><li>D-Gluconsäure, Natriumsalz</li><li>Natriumchlorid</li><li>Glycerol 85%</li></ul>","descriptionShort":"Zur Desinfektion von akuten und chronischen Wunden und zur Verhinderung von Infektionen","keywords":[],"unit":"ml","unitQuantityString":"250","masterID":"04830483","indicationRanges":["Antiseptika/ Desinfektionsmittel","Sonstige","Dermatotherapeutika","Therapie von infizierten und nicht infizierten Hautläsionen","Sonstige antibakteriell bzw. antiseptisch wirkende Präparate"],"ratingCount":46,"averageRating":4.98,"attributes":["apothekenpflichtig","Arzneimittel"],"prescriptionMedicine":false,"price":1282,"listPrice":1349,"netRetailPrice":1105,"priceFormatted":"€ 12,82","listPriceFormatted":"€ 13,49","potency":"","ifap":"","image":"https://cdn.shop-apotheke.com/images/octenisept-waessriges-wund-und-schleimhautantiseptikum-mit-spruehpumpe-loesung-D04830483-p10.jpg","hasImage":true,"deeplink":"arzneimittel/4830483/octenisept-waessriges-wund-und-schleimhautantiseptikum-mit-spruehpumpe.htm","applicablePromotions":"","variantDetails":"04830483|04830483|5|250 ml|1282|arzneimittel/4830483/octenisept-waessriges-wund-und-schleimhautantiseptikum-mit-spruehpumpe.htm|product.stockStatus.available","stockStatus":"","stockStatusReason":"product.stockStatus.available","inStock":true,"pricePerUnit":"5,13 € / 100 ml","discountInPercent":5,"created":1445172611000,"lastChanged":1598569937000,"ratingsLink":"/produktbewertungen/4830483/octenisept-waessriges-wund-und-schleimhautantiseptikum-mit-spruehpumpe.htm","ean":"4032651214112","RPMultiplier":1,"ribbonText":"","primaryCategory":["Die Online-Apotheke für Deutschland","Die Online-Apotheke für Deutschland/Arzneimittel & weitere Produkte ","Die Online-Apotheke für Deutschland/Arzneimittel & weitere Produkte /Haus- & Reiseapotheke","Die Online-Apotheke für Deutschland/Arzneimittel & weitere Produkte /Haus- & Reiseapotheke/Erste Hilfe & Verbandmittel","Die Online-Apotheke für Deutschland/Arzneimittel & weitere Produkte /Haus- & Reiseapotheke/Erste Hilfe & Verbandmittel/Haut- & Wunddesinfektion"],"topsellerCountBucket":10,"filterAttributes":[],"filterRating":0.02,"packSize":"250 ml","variants":[{"id":"04830483","text":"Zur Desinfektion von akuten und chronischen Wunden und zur Verhinderung von Infektionen","webDetailPath":"arzneimittel/4830483/octenisept-waessriges-wund-und-schleimhautantiseptikum-mit-spruehpumpe.htm","stock":"product.stockStatus.available","active":true,"discount":"5","retailPrice":"1282","listPrice":"1349","packSize":"250 ml","nowProductGroup":"sameday_nextday","attributes":["apothekenpflichtig","Arzneimittel"],"productName":"octenisept® Wässriges Wund- und Schleimhautantiseptikum mit Sprühpumpe","pricePerUnit":"5,13 € / 100 ml","imageUrl":"https://cdn.shop-apotheke.com/images/octenisept-waessriges-wund-und-schleimhautantiseptikum-mit-spruehpumpe-loesung-D04830483-p10.jpg","pharmaForm":"Lösung","ribbonText":"","RPMultiplier":"1"}],"master":true,"marketplace":false,"nowProductGroup":"sameday_nextday","notOnStockMessage":"","stockStatusColor":"green","categoryCodes":["csd00001","csd00077","csd00078","csd00092","csd02753","csd00141","root","catalogs","main","brandshop","csd01516","csd01518","landingpages","csd01583","csd01434","csd02271","csd02272","csd03939"],"prices":{"listPrice":{"amount":13.49,"net":11.63,"currency":"EUR","info":{"index":1,"text":"AVP / UVP"}},"retailPrice":{"amount":12.82,"net":11.05,"currency":"EUR","info":{"index":1,"text":"AVP / UVP"}}},"calculatedRatingRanking":3.69,"objectID":"04830483","_highlightResult":{"activeSubstances":[{"value":"Phenoxyethanol","matchLevel":"none","matchedWords":[]},{"value":"Octenidin dihydrochlorid","matchLevel":"none","matchedWords":[]}]},"_rankingInfo":{"nbTypos":0,"firstMatchedWord":0,"proximityDistance":0,"userScore":348,"geoDistance":0,"geoPrecision":1,"nbExactWords":0,"words":1,"filters":1,"personalization":{"score":0,"rankingScore":0,"filtersScore":0,"textualRelevanceBucket":1,"initialPosition":252,"newPosition":252}}},{"brandCode":"csd2470","pzn":"04411148","productName":"Hylo-Vision® HD","secondaryCategories":[],"manufacturer":"OmniVision GmbH","pharmaForm":"Augentropfen","brand":"Hylo Vision","brandIntern":"Hylo-Vision®","subBrandIntern":"HD","activeSubstances":["Hyaluronsäure, Natriumsalz, fermentativ, unvernetzt"],"additiveSubstances":["Wasser für Injektionszwecke","Dinatrium edetat","Phosphatpuffer m.w.A.","Polihexanid"],"additiveSubstancesHtml":"<ul><li>Wasser für Injektionszwecke</li><li>Dinatrium edetat</li><li>Phosphatpuffer m.w.A.</li><li>Polihexanid</li></ul>","descriptionShort":"Zur Benetzung von harten und weichen Kontaktlinsen geeignet","keywords":[],"unit":"ml","unitQuantityString":"2X15","masterID":"03114069","indicationRanges":["Ophthalmika","Verschiedene Ophthalmika","Künstliche Tränen"],"ratingCount":44,"averageRating":4.98,"attributes":[],"prescriptionMedicine":false,"price":1188,"listPrice":1355,"netRetailPrice":1024,"priceFormatted":"€ 11,88","listPriceFormatted":"€ 13,55","potency":"","ifap":"","image":"https://cdn.shop-apotheke.com/images/hylo-vision-hd-augentropfen-D04411148-p1.jpg","hasImage":true,"deeplink":"arzneimittel/4411148/hylo-vision-hd.htm","applicablePromotions":"","variantDetails":"03114069|04411148|12|2X15 ml|1188|arzneimittel/4411148/hylo-vision-hd.htm|product.stockStatus.available","stockStatus":"","stockStatusReason":"product.stockStatus.available","inStock":true,"pricePerUnit":"39,60 € / 100 ml","discountInPercent":12,"created":1445173827000,"lastChanged":1598569819000,"ratingsLink":"/produktbewertungen/4411148/hylo-vision-hd.htm","ean":"9120048760085","RPMultiplier":1,"ribbonText":"","primaryCategory":["Die Online-Apotheke für Deutschland","Die Online-Apotheke für Deutschland/Arzneimittel & weitere Produkte ","Die Online-Apotheke für Deutschland/Arzneimittel & weitere Produkte /Auge, Nase & Ohr","Die Online-Apotheke für Deutschland/Arzneimittel & weitere Produkte /Auge, Nase & Ohr/Auge","Die Online-Apotheke für Deutschland/Arzneimittel & weitere Produkte /Auge, Nase & Ohr/Auge/Trockene Augen"],"topsellerCountBucket":10,"filterAttributes":[],"filterRating":0.02,"packSize":"2X15 ml","variants":[{"id":"03114069","text":"Zur Benetzung von harten und weichen Kontaktlinsen geeignet","webDetailPath":"arzneimittel/3114069/hylo-vision-hd.htm","stock":"product.stockStatus.available","active":true,"discount":"13","retailPrice":"639","listPrice":"731","packSize":"15 ml","nowProductGroup":"sameday_nextday","attributes":[],"productName":"Hylo-Vision® HD","pricePerUnit":"42,60 € / 100 ml","imageUrl":"https://cdn.shop-apotheke.com/images/hylo-vision-hd-augentropfen-D03114069-p1.jpg","pharmaForm":"Augentropfen","ribbonText":"","RPMultiplier":"1"},{"id":"04411148","text":"Zur Benetzung von harten und weichen Kontaktlinsen geeignet","webDetailPath":"arzneimittel/4411148/hylo-vision-hd.htm","stock":"product.stockStatus.available","active":false,"discount":"12","retailPrice":"1188","listPrice":"1355","packSize":"2X15 ml","nowProductGroup":"sameday_nextday","attributes":[],"productName":"Hylo-Vision® HD","pricePerUnit":"39,60 € / 100 ml","imageUrl":"https://cdn.shop-apotheke.com/images/hylo-vision-hd-augentropfen-D04411148-p1.jpg","pharmaForm":"Augentropfen","ribbonText":"","RPMultiplier":"1"}],"master":false,"marketplace":false,"nowProductGroup":"sameday_nextday","notOnStockMessage":"","stockStatusColor":"green","categoryCodes":["csd00001","csd00020","csd00021","csd00025"],"prices":{"listPrice":{"amount":13.55,"net":11.68,"currency":"EUR","info":{"index":1,"text":"AVP / UVP"}},"retailPrice":{"amount":11.88,"net":10.24,"currency":"EUR","info":{"index":1,"text":"AVP / UVP"}}},"calculatedRatingRanking":3.66,"objectID":"04411148","_highlightResult":{"activeSubstances":[{"value":"Hyaluronsäure, Natriumsalz, fermentativ, unvernetzt","matchLevel":"none","matchedWords":[]}]},"_rankingInfo":{"nbTypos":0,"firstMatchedWord":0,"proximityDistance":0,"userScore":347,"geoDistance":0,"geoPrecision":1,"nbExactWords":0,"words":1,"filters":1,"personalization":{"score":0,"rankingScore":0,"filtersScore":0,"textualRelevanceBucket":1,"initialPosition":253,"newPosition":253}}},{"brandCode":"csd2862","pzn":"04459675","productName":"Babix® Inhalat N","secondaryCategories":["Erkältung & Grippe","Inhalation & Einreibung","Babix","Black Friday®","30% und mehr","Landingpages","NOW! Erkältung","Reiseapotheke","Reiseapotheke für Kinder","Landingpages","NOW! Reiseapotheke","Landingpages","Flash Deal Erkaeltung","Pflanzlich","Inhalation","Landingpages","SHOP APOTHEKE NOW!"],"manufacturer":"MICKAN Arzneimittel GmbH","pharmaForm":"Inhalat","brand":"Babix","brandIntern":"Babix®","subBrandIntern":"Inhalat N","activeSubstances":["Eucalyptusöl","Fichtennadelöl"],"additiveSubstances":[],"additiveSubstancesHtml":"","descriptionShort":"Bei Erkrankungen der oberen Luftwege, z.B. bei Erkältung, Bronchitis, Pseudokrupp","keywords":["ErkältungBaby"],"unit":"ml","unitQuantityString":"20","masterID":"04459652","indicationRanges":["Atemwegskrankheiten und grippale Infekte","Phytopharmaka","Ätherische Öle zur Inhalation"],"ratingCount":68,"averageRating":4.97,"attributes":["apothekenpflichtig","pflanzlich","Arzneimittel"],"prescriptionMedicine":false,"price":991,"listPrice":1411,"netRetailPrice":854,"priceFormatted":"€ 9,91","listPriceFormatted":"€ 14,11","potency":"","ifap":"Das Präparat ist ein pflanzliches Arzneimittel bei Erkältungskrankheiten der Atemwege. Das Arzneimittel wird angewendet zur Besserung der Beschwerden bei Erkältungskrankheiten der Atemwege mit zähflüssigem Schleim.","image":"https://cdn.shop-apotheke.com/images/babix-inhalat-n-inhalat-D04459675-p1.jpg","hasImage":true,"deeplink":"baby/4459675/babix-inhalat-n.htm","applicablePromotions":"","variantDetails":"04459652|04459675|30|20 ml|991|baby/4459675/babix-inhalat-n.htm|product.stockStatus.available","stockStatus":"","stockStatusReason":"product.stockStatus.available","inStock":true,"pricePerUnit":"49,55 € / 100 ml","discountInPercent":30,"created":1445169905000,"lastChanged":1598577483000,"ratingsLink":"/produktbewertungen/4459675/babix-inhalat-n.htm","ean":"","RPMultiplier":1,"ribbonText":"","primaryCategory":["Die Online-Apotheke für Deutschland","Die Online-Apotheke für Deutschland/Baby & Familie","Die Online-Apotheke für Deutschland/Baby & Familie/Rund ums Baby","Die Online-Apotheke für Deutschland/Baby & Familie/Rund ums Baby/Baby- & Kindergesundheit","Die Online-Apotheke für Deutschland/Baby & Familie/Rund ums Baby/Baby- & Kindergesundheit/Erkältung, Schmerzen & Fieber"],"topsellerCountBucket":10,"filterAttributes":["pflanzlich"],"filterRating":0.03,"packSize":"20 ml","variants":[{"id":"04459652","text":"Bei Erkrankungen der oberen Luftwege, z.B. bei Erkältung, Bronchitis, Pseudokrupp","webDetailPath":"baby/4459652/babix-inhalat-n.htm","stock":"product.stockStatus.available","active":true,"discount":"31","retailPrice":"430","listPrice":"624","packSize":"5 ml","nowProductGroup":"sameday_nextday","attributes":["apothekenpflichtig","pflanzlich","Arzneimittel"],"productName":"Babix® Inhalat N","pricePerUnit":"86,00 € / 100 ml","imageUrl":"https://cdn.shop-apotheke.com/images/babix-inhalat-n-inhalat-D04459652-p1.jpg","pharmaForm":"Inhalat","ribbonText":"","RPMultiplier":"1"},{"id":"04459669","text":"Bei Erkrankungen der oberen Luftwege, z.B. bei Erkältung, Bronchitis, Pseudokrupp","webDetailPath":"baby/4459669/babix-inhalat-n.htm","stock":"product.stockStatus.available","active":false,"discount":"33","retailPrice":"573","listPrice":"853","packSize":"10 ml","nowProductGroup":"sameday_nextday","attributes":["apothekenpflichtig","pflanzlich","Arzneimittel"],"productName":"Babix® Inhalat N","pricePerUnit":"57,30 € / 100 ml","imageUrl":"https://cdn.shop-apotheke.com/images/babix-inhalat-n-inhalat-D04459669-p10.jpg","pharmaForm":"Inhalat","ribbonText":"","RPMultiplier":"1"},{"id":"04459675","text":"Bei Erkrankungen der oberen Luftwege, z.B. bei Erkältung, Bronchitis, Pseudokrupp","webDetailPath":"baby/4459675/babix-inhalat-n.htm","stock":"product.stockStatus.available","active":false,"discount":"30","retailPrice":"991","listPrice":"1411","packSize":"20 ml","nowProductGroup":"sameday_nextday","attributes":["apothekenpflichtig","pflanzlich","Arzneimittel"],"productName":"Babix® Inhalat N","pricePerUnit":"49,55 € / 100 ml","imageUrl":"https://cdn.shop-apotheke.com/images/babix-inhalat-n-inhalat-D04459675-p1.jpg","pharmaForm":"Inhalat","ribbonText":"","RPMultiplier":"1"}],"master":false,"marketplace":true,"nowProductGroup":"sameday_nextday","notOnStockMessage":"","stockStatusColor":"green","categoryCodes":["csd00362","csd02667","csd00372","csd00374","csd00001","csd00061","csd00068","csd00850","csd00851","csd00884","csd00899","csd02392","csd01434","csd02271","csd02859","root","catalogs","main","landingpages","csd03339","csd03341","csd00077","csd00116","csd03460","csd03476","csd03524"],"prices":{"listPrice":{"amount":14.11,"net":12.16,"currency":"EUR","info":{"index":1,"text":"AVP / UVP"}},"retailPrice":{"amount":9.91,"net":8.54,"currency":"EUR","info":{"index":1,"text":"AVP / UVP"}}},"calculatedRatingRanking":3.92,"objectID":"04459675","_highlightResult":{"activeSubstances":[{"value":"Eucalyptusöl","matchLevel":"none","matchedWords":[]},{"value":"Fichtennadelöl","matchLevel":"none","matchedWords":[]}]},"_rankingInfo":{"nbTypos":0,"firstMatchedWord":0,"proximityDistance":0,"userScore":346,"geoDistance":0,"geoPrecision":1,"nbExactWords":0,"words":1,"filters":1,"personalization":{"score":0,"rankingScore":0,"filtersScore":0,"textualRelevanceBucket":1,"initialPosition":254,"newPosition":254}}},{"brandCode":"csd01746","pzn":"00179737","productName":"Ibubeta® 400 akut","secondaryCategories":["Landingpages","Topseller Reiseapotheke","Schmerzen","Zahnschmerzen","Black Friday®","Erkältungs-Produkte","Erkältung & Grippe","Fiebersenkende Schmerzmittel","Kopfschmerzen","Ibuprofen"],"manufacturer":"betapharm Arzneimittel GmbH","pharmaForm":"Filmtabletten","brand":"Ibubeta","brandIntern":"beta®","subBrandIntern":"Ibubeta®","activeSubstances":["Ibuprofen"],"additiveSubstances":["Croscarmellose natrium","Hypromellose","Siliciumdioxid, hochdisperses","Cellulose, mikrokristalline","Magnesium stearat (pflanzlich)","Stearinsäure (pflanzlich)","Maisstärke","Macrogol 400","Titandioxid","Talkum"],"additiveSubstancesHtml":"<ul><li>Croscarmellose natrium</li><li>Hypromellose</li><li>Siliciumdioxid, hochdisperses</li><li>Cellulose, mikrokristalline</li><li>Magnesium stearat (pflanzlich)</li><li>Stearinsäure (pflanzlich)</li><li>Maisstärke</li><li>Macrogol 400</li><li>Titandioxid</li><li>Talkum</li></ul>","descriptionShort":"Zur Anwendung bei leichten bis mäßig starken Schmerzen und Fieber","keywords":["ibi","ibuprofen"],"unit":"St","unitQuantityString":"20","masterID":"00179737","indicationRanges":["Analgetika/ Antipyretika","Antipyretisch wirkende Analgetika","Arylpropionsäure-Derivate (Monopräparate)"],"ratingCount":40,"averageRating":4.97,"attributes":["apothekenpflichtig","Arzneimittel"],"prescriptionMedicine":false,"price":356,"listPrice":437,"netRetailPrice":307,"priceFormatted":"€ 3,56","listPriceFormatted":"€ 4,37","potency":"","ifap":"Das Arzneimittelist ein entzündungshemmendes und schmerzstillendes Arzneimittel (nicht-steroidales Antiphlogistikum/Analgetikum). Es enthält den Wirkstoff Ibuprofen. Das Arzneimittel wird angewendet beileichten bis mäßig starken Schmerzen wie Kopfschmerzen, Zahnschmerzen, Regelschmerzen; Fieber.","image":"https://cdn.shop-apotheke.com/images/ibubeta-400-akut-filmtabletten-D00179737-p1.jpg","hasImage":true,"deeplink":"arzneimittel/179737/ibubeta-400-akut.htm","applicablePromotions":"","variantDetails":"00179737|00179737|19|20 St|356|arzneimittel/179737/ibubeta-400-akut.htm|product.stockStatus.available","stockStatus":"","stockStatusReason":"product.stockStatus.available","inStock":true,"pricePerUnit":"","discountInPercent":19,"created":1445169015000,"lastChanged":1598568266000,"ratingsLink":"/produktbewertungen/179737/ibubeta-400-akut.htm","ean":"","RPMultiplier":1,"ribbonText":"","primaryCategory":["Die Online-Apotheke für Deutschland","Die Online-Apotheke für Deutschland/Arzneimittel & weitere Produkte ","Die Online-Apotheke für Deutschland/Arzneimittel & weitere Produkte /Schmerzen","Die Online-Apotheke für Deutschland/Arzneimittel & weitere Produkte /Schmerzen/Fiebersenkende Schmerzmittel"],"topsellerCountBucket":10,"filterAttributes":[],"filterRating":0.03,"packSize":"20 St","variants":[{"id":"00179737","text":"Zur Anwendung bei leichten bis mäßig starken Schmerzen und Fieber","webDetailPath":"arzneimittel/179737/ibubeta-400-akut.htm","stock":"product.stockStatus.available","active":true,"discount":"19","retailPrice":"356","listPrice":"437","packSize":"20 St","nowProductGroup":"sameday_nextday","attributes":["apothekenpflichtig","Arzneimittel"],"productName":"Ibubeta® 400 akut","pricePerUnit":"","imageUrl":"https://cdn.shop-apotheke.com/images/ibubeta-400-akut-filmtabletten-D00179737-p1.jpg","pharmaForm":"Filmtabletten","ribbonText":"","RPMultiplier":"1"},{"id":"05731464","text":"Zur Anwendung bei leichten bis mäßig starken Schmerzen und Fieber","webDetailPath":"arzneimittel/5731464/ibubeta-400-akut.htm","stock":"product.stockStatus.nl","active":false,"discount":"22","retailPrice":"716","listPrice":"921","packSize":"50 St","nowProductGroup":"none","attributes":["apothekenpflichtig","Arzneimittel"],"productName":"Ibubeta® 400 akut","pricePerUnit":"","imageUrl":"https://cdn.shop-apotheke.com/images/ibubeta-400-akut-filmtabletten-D05731464-p1.jpg","pharmaForm":"Filmtabletten","ribbonText":"","RPMultiplier":"1"}],"master":true,"marketplace":false,"nowProductGroup":"sameday_nextday","notOnStockMessage":"","stockStatusColor":"green","categoryCodes":["csd00001","csd00269","csd00275","csd00282","csd00061","csd01059","csd02394","csd02397","csd01434","csd02271","csd02862","root","catalogs","main","landingpages","csd03039"],"prices":{"listPrice":{"amount":4.37,"net":3.77,"currency":"EUR","info":{"index":1,"text":"AVP / UVP"}},"retailPrice":{"amount":3.56,"net":3.07,"currency":"EUR","info":{"index":1,"text":"AVP / UVP"}}},"calculatedRatingRanking":3.6,"objectID":"00179737","_highlightResult":{"activeSubstances":[{"value":"Ibuprofen","matchLevel":"none","matchedWords":[]}]},"_rankingInfo":{"nbTypos":0,"firstMatchedWord":0,"proximityDistance":0,"userScore":345,"geoDistance":0,"geoPrecision":1,"nbExactWords":0,"words":1,"filters":1,"personalization":{"score":0,"rankingScore":0,"filtersScore":0,"textualRelevanceBucket":1,"initialPosition":255,"newPosition":255}}},{"brandCode":"csd01758","pzn":"03925069","productName":"schnupfen endrine®","secondaryCategories":["Black Friday®","40% und mehr","Landingpages","NOW! Reiseapotheke","Erkältung & Grippe","Schnupfen","Black Friday®","Erkältungs-Produkte","Landingpages","SHOP APOTHEKE NOW!"],"manufacturer":"Chiesi GmbH","pharmaForm":"Nasentropfen","brand":"Schnupfen Endrine","brandIntern":"schnupfen endrine®","subBrandIntern":"","activeSubstances":["Xylometazolin hydrochlorid"],"additiveSubstances":["Hypromellose","Macrogol glycerolhydroxystearat","Benzalkonium chlorid","Wasser, gereinigtes","Natriumchlorid","Natriumdihydrogenphosphat-2-Wasser","Dinatriumhydrogenphosphat-2-Wasser","Eucalyptusöl","Levomenthol"],"additiveSubstancesHtml":"<ul><li>Hypromellose</li><li>Macrogol glycerolhydroxystearat</li><li>Benzalkonium chlorid</li><li>Wasser, gereinigtes</li><li>Natriumchlorid</li><li>Natriumdihydrogenphosphat-2-Wasser</li><li>Dinatriumhydrogenphosphat-2-Wasser</li><li>Eucalyptusöl</li><li>Levomenthol</li></ul>","descriptionShort":"Zum Abschwellen der Nasenschleimhaut","keywords":[],"unit":"ml","unitQuantityString":"10","masterID":"03925069","indicationRanges":["Atemwegskrankheiten und grippale Infekte","Rhinologika, lokale Anwendung","Schnupfenmittel, Sympathomimetika-haltig"],"ratingCount":47,"averageRating":4.96,"attributes":["apothekenpflichtig","Arzneimittel"],"prescriptionMedicine":false,"price":448,"listPrice":561,"netRetailPrice":386,"priceFormatted":"€ 4,48","listPriceFormatted":"€ 5,61","potency":"","ifap":"Das Präparat ist ein Schnupfenmittel (Rhinologikum, Alpha-Sympathomimetikum). Der Wirkstoff Xylometazolinhydrochlorid hat gefäßverengende Eigenschaften und bewirkt dadurch eine Abschwellung der Nasenschleimhaut. Das Arzneimittel wird angewendetzur Abschwellung der Nasenschleimhaut bei Schnupfen, anfallsweise auftretendem Fließschnupfen (Rhinitis vasomotorica) und allergischem Schnupfen (Rhinitis allergica). zur Erleichterung des Abfließens des Sekrets bei Entzündungen der Nasennebenhöhlen sowie bei Mittelohrentzündung (Katarrh des Tubenmittelohrs) in Verbindung mit Schnupfen. Das Präparat ist für Schulkinder und Erwachsene bestimmt.","image":"https://cdn.shop-apotheke.com/images/schnupfen-endrine-nasentropfen-D03925069-p1.jpg","hasImage":true,"deeplink":"arzneimittel/3925069/schnupfen-endrine.htm","applicablePromotions":"","variantDetails":"03925069|03925069|20|10 ml|448|arzneimittel/3925069/schnupfen-endrine.htm|product.stockStatus.available","stockStatus":"","stockStatusReason":"product.stockStatus.available","inStock":true,"pricePerUnit":"44,80 € / 100 ml","discountInPercent":20,"created":1445167217000,"lastChanged":1598569660000,"ratingsLink":"/produktbewertungen/3925069/schnupfen-endrine.htm","ean":"","RPMultiplier":1,"ribbonText":"","primaryCategory":["Die Online-Apotheke für Deutschland","Die Online-Apotheke für Deutschland/Arzneimittel & weitere Produkte ","Die Online-Apotheke für Deutschland/Arzneimittel & weitere Produkte /Auge, Nase & Ohr","Die Online-Apotheke für Deutschland/Arzneimittel & weitere Produkte /Auge, Nase & Ohr/Nase","Die Online-Apotheke für Deutschland/Arzneimittel & weitere Produkte /Auge, Nase & Ohr/Nase/Schnupfen"],"topsellerCountBucket":10,"filterAttributes":[],"filterRating":0.04,"packSize":"10 ml","variants":[{"id":"03925069","text":"Zum Abschwellen der Nasenschleimhaut","webDetailPath":"arzneimittel/3925069/schnupfen-endrine.htm","stock":"product.stockStatus.available","active":true,"discount":"20","retailPrice":"448","listPrice":"561","packSize":"10 ml","nowProductGroup":"sameday_nextday","attributes":["apothekenpflichtig","Arzneimittel"],"productName":"schnupfen endrine®","pricePerUnit":"44,80 € / 100 ml","imageUrl":"https://cdn.shop-apotheke.com/images/schnupfen-endrine-nasentropfen-D03925069-p1.jpg","pharmaForm":"Nasentropfen","ribbonText":"","RPMultiplier":"1"}],"master":true,"marketplace":false,"nowProductGroup":"sameday_nextday","notOnStockMessage":"","stockStatusColor":"green","categoryCodes":["csd00001","csd00020","csd00028","csd00033","csd00061","csd01060","csd01434","csd02271","csd02272","csd02862","root","catalogs","main","landingpages","csd03339","csd03476"],"prices":{"listPrice":{"amount":5.61,"net":4.84,"currency":"EUR","info":{"index":1,"text":"AVP / UVP"}},"retailPrice":{"amount":4.48,"net":3.86,"currency":"EUR","info":{"index":1,"text":"AVP / UVP"}}},"calculatedRatingRanking":3.69,"objectID":"03925069","_highlightResult":{"activeSubstances":[{"value":"Xylometazolin hydrochlorid","matchLevel":"none","matchedWords":[]}]},"_rankingInfo":{"nbTypos":0,"firstMatchedWord":0,"proximityDistance":0,"userScore":344,"geoDistance":0,"geoPrecision":1,"nbExactWords":0,"words":1,"filters":1,"personalization":{"score":0,"rankingScore":0,"filtersScore":0,"textualRelevanceBucket":1,"initialPosition":256,"newPosition":256}}},{"brandCode":"","pzn":"15201276","productName":"La Roche Posay THERMALWASSER SPRAY + 15ml La Roche Posay Toleriane Sensitive Mini GRATIS","secondaryCategories":["Hautbedürfnisse","Empfindliche & allergische Haut","LA ROCHE-POSAY","Thermalwasser","Landingpages","RedPoints Produktauswahl Dermokosmetik","Landingpages","SHOP APOTHEKE NOW!","Landingpages","Sommerliche Erfrischung","Healthy Deals","RedPoints-Aktion"],"manufacturer":"L'Oreal Deutschland GmbH - LA ROCHE-POSAY","pharmaForm":"Spray","brand":"","brandIntern":"LA ROCHE-POSAY","subBrandIntern":"Thermalwasser","activeSubstances":["Thermalwasser"],"additiveSubstances":[],"additiveSubstancesHtml":"","descriptionShort":"Zur Pflege zur neurodermitis neigender Haut","keywords":[],"unit":"ml","unitQuantityString":"100","masterID":"15201276","indicationRanges":["Kosmetika und Kinderpflegemittel","Haut-/ Haarpflege, Hautschutz"],"ratingCount":44,"averageRating":4.95,"attributes":[],"prescriptionMedicine":false,"price":397,"listPrice":490,"netRetailPrice":342,"priceFormatted":"€ 3,97","listPriceFormatted":"€ 4,90","potency":"","ifap":"","image":"https://cdn.shop-apotheke.com/images/la-roche-posay-thermalwasser-spray-spray-D15201276-p1.jpg","hasImage":true,"deeplink":"beauty/15201276/la-roche-posay-thermalwasser-spray.htm","applicablePromotions":"promotion=1+1","variantDetails":"15201276|15201276|19|100 ml|397|beauty/15201276/la-roche-posay-thermalwasser-spray.htm|product.stockStatus.available","stockStatus":"","stockStatusReason":"product.stockStatus.available","inStock":true,"pricePerUnit":"3,97 € / 100 ml","discountInPercent":19,"created":1556611337000,"lastChanged":1598572772000,"ratingsLink":"/produktbewertungen/15201276/la-roche-posay-thermalwasser-spray.htm","ean":"3337875647786","RPMultiplier":1,"ribbonText":"Aktion","primaryCategory":["Die Online-Apotheke für Deutschland","Die Online-Apotheke für Deutschland/Beauty & Pflege","Die Online-Apotheke für Deutschland/Beauty & Pflege/Dermatologische Hautpflege","Die Online-Apotheke für Deutschland/Beauty & Pflege/Dermatologische Hautpflege/La Roche-Posay","Die Online-Apotheke für Deutschland/Beauty & Pflege/Dermatologische Hautpflege/La Roche-Posay/Thermalwasser"],"topsellerCountBucket":10,"filterAttributes":[],"filterRating":0.05,"packSize":"100 ml","variants":[{"id":"15201276","text":"Zur Pflege zur neurodermitis neigender Haut","webDetailPath":"beauty/15201276/la-roche-posay-thermalwasser-spray.htm","stock":"product.stockStatus.available","active":true,"discount":"19","retailPrice":"397","listPrice":"490","packSize":"100 ml","nowProductGroup":"sameday_nextday","attributes":[],"productName":"La Roche Posay THERMALWASSER SPRAY + 15ml La Roche Posay Toleriane Sensitive Mini GRATIS","pricePerUnit":"3,97 € / 100 ml","imageUrl":"https://cdn.shop-apotheke.com/images/la-roche-posay-thermalwasser-spray-spray-D15201276-p1.jpg","pharmaForm":"Spray","ribbonText":"Aktion","RPMultiplier":"1"},{"id":"04011897","text":"Mit Spurenelementen und Mineralien zur Pflege der Haut","webDetailPath":"beauty/4011897/la-roche-posay-thermalwasser-spray.htm","stock":"product.stockStatus.available","active":false,"discount":"15","retailPrice":"841","listPrice":"990","packSize":"300 ml","nowProductGroup":"sameday_nextday","attributes":[],"productName":"La Roche Posay THERMALWASSER SPRAY + 15ml La Roche Posay Toleriane Sensitive Mini GRATIS","pricePerUnit":"28,03 € / l","imageUrl":"https://cdn.shop-apotheke.com/images/la-roche-posay-thermalwasser-spray-spray-D04011897-p1.jpg","pharmaForm":"Spray","ribbonText":"Aktion","RPMultiplier":"1"}],"master":true,"marketplace":true,"nowProductGroup":"sameday_nextday","notOnStockMessage":"","stockStatusColor":"green","categoryCodes":["csd00398","csd00499","csd00552","csd02204","csd00615","csd00617","csd00001","csd01434","csd02968","csd03288","root","catalogs","main","landingpages","csd03339","csd03518","csd04411","brandshop","csd1960","csd2004"],"prices":{"listPrice":{"amount":4.9,"net":4.22,"currency":"EUR","info":{"index":1,"text":"AVP / UVP"}},"retailPrice":{"amount":3.97,"net":3.42,"currency":"EUR","info":{"index":1,"text":"AVP / UVP"}}},"calculatedRatingRanking":3.65,"objectID":"15201276","_highlightResult":{"activeSubstances":[{"value":"Thermalwasser","matchLevel":"none","matchedWords":[]}]},"_rankingInfo":{"nbTypos":0,"firstMatchedWord":0,"proximityDistance":0,"userScore":343,"geoDistance":0,"geoPrecision":1,"nbExactWords":0,"words":1,"filters":1,"personalization":{"score":0,"rankingScore":0,"filtersScore":0,"textualRelevanceBucket":1,"initialPosition":257,"newPosition":257}}},{"brandCode":"csd03158","pzn":"08104678","productName":"nu3 Bio Kokosöl, nativ","secondaryCategories":["Markenshops","nu3","Oster-Special","Osterbäckerei","Muttertags-Special","Backen zu Muttertag","Landingpages","Topseller","Geschenke Themenwelt","Gesundheit schenken","Weihnachts-Special","Kleinigkeiten für den Adventskalender","UNSERE ADVENTS-ÜBERASCHUNG EXKLUSIV FÜR UNSERE BESTEN KUNDEN.","Advent 4","Black Friday®","Black Friday RedPoints","Landingpages","Adventskalender Türchen 18: nu3 Produkte","nu3","nu3 Naturkost","Supplement Marken","nu3","Landingpages","SHOP APOTHEKE NOW!","Healthy Deals","Healthy Deals Ernährung, Sport & Abnehmen","Landingpages","Healthy Deals App-Angebote"],"manufacturer":"nu3 GmbH","pharmaForm":"Öl","brand":"Nu3","brandIntern":"nu3","subBrandIntern":"","activeSubstances":[],"additiveSubstances":[],"additiveSubstancesHtml":"","descriptionShort":"Kaltgepresstes nu3 Bio Kokosöl zu 100 % aus purem Kokosfleisch ohne Zusätze – Exotik für deine Küche","keywords":["kokos","kokosöl","natives kokosöl"],"unit":"ml","unitQuantityString":"500","masterID":"08101111","indicationRanges":[],"ratingCount":35,"averageRating":4.95,"attributes":["vegetarisch","vegan","BIO"],"prescriptionMedicine":false,"price":699,"listPrice":0,"netRetailPrice":666,"priceFormatted":"€ 6,99","listPriceFormatted":"","potency":"","ifap":"","image":"https://cdn.shop-apotheke.com/images/nu3-bio-kokosoel-nativ-oel-D08104678-p1.jpg","hasImage":true,"deeplink":"fitness/8104678/nu3-bio-kokosoel-nativ.htm","applicablePromotions":"","variantDetails":"08101111|08104678|0|500 ml|699|fitness/8104678/nu3-bio-kokosoel-nativ.htm|product.stockStatus.available","stockStatus":"","stockStatusReason":"product.stockStatus.available","inStock":true,"pricePerUnit":"13,98 € / l","discountInPercent":0,"created":1550766949000,"lastChanged":1598571012000,"ratingsLink":"/produktbewertungen/8104678/nu3-bio-kokosoel-nativ.htm","ean":"4260289445480","RPMultiplier":1,"ribbonText":"","primaryCategory":["Die Online-Apotheke für Deutschland","Die Online-Apotheke für Deutschland/Ernährung, Sport & Abnehmen","Die Online-Apotheke für Deutschland/Ernährung, Sport & Abnehmen/Ernährung","Die Online-Apotheke für Deutschland/Ernährung, Sport & Abnehmen/Ernährung/Kochen & Backen","Die Online-Apotheke für Deutschland/Ernährung, Sport & Abnehmen/Ernährung/Kochen & Backen/Öle","Die Online-Apotheke für Deutschland/Ernährung, Sport & Abnehmen/Ernährung/Kochen & Backen/Öle/Kokosöl"],"topsellerCountBucket":10,"filterAttributes":["vegetarisch","vegan","BIO"],"filterRating":0.05,"packSize":"500 ml","variants":[{"id":"08101111","text":"Kaltgepresstes nu3 Bio Kokosöl zu 100 % aus purem Kokosfleisch ohne Zusätze – Exotik für deine Küche","webDetailPath":"fitness/8101111/nu3-bio-kokosoel-nativ.htm","stock":"product.stockStatus.available","active":true,"discount":"0","retailPrice":"499","listPrice":"0","packSize":"230 ml","nowProductGroup":"sameday_nextday","attributes":["vegetarisch","vegan","Lebensmittel","BIO"],"productName":"nu3 Bio Kokosöl, nativ","pricePerUnit":"2,17 € / 100 ml","imageUrl":"https://cdn.shop-apotheke.com/images/nu3-bio-kokosoel-nativ-oel-D08101111-p1.jpg","pharmaForm":"Öl","ribbonText":"","RPMultiplier":"1"},{"id":"08104678","text":"Kaltgepresstes nu3 Bio Kokosöl zu 100 % aus purem Kokosfleisch ohne Zusätze – Exotik für deine Küche","webDetailPath":"fitness/8104678/nu3-bio-kokosoel-nativ.htm","stock":"product.stockStatus.available","active":false,"discount":"0","retailPrice":"699","listPrice":"0","packSize":"500 ml","nowProductGroup":"sameday_nextday","attributes":["vegetarisch","vegan","BIO"],"productName":"nu3 Bio Kokosöl, nativ","pricePerUnit":"13,98 € / l","imageUrl":"https://cdn.shop-apotheke.com/images/nu3-bio-kokosoel-nativ-oel-D08104678-p1.jpg","pharmaForm":"Öl","ribbonText":"","RPMultiplier":"1"},{"id":"08101110","text":"Kaltgepresstes nu3 Bio Kokosöl zu 100 % aus purem Kokosfleisch ohne Zusätze – Exotik für deine Küche","webDetailPath":"fitness/8101110/nu3-bio-kokosoel-nativ.htm","stock":"product.stockStatus.available","active":false,"discount":"0","retailPrice":"1299","listPrice":"0","packSize":"970 ml","nowProductGroup":"sameday_nextday","attributes":["vegetarisch","vegan","Lebensmittel","ABO"],"productName":"nu3 Bio Kokosöl, nativ","pricePerUnit":"13,39 € / l","imageUrl":"https://cdn.shop-apotheke.com/images/nu3-bio-kokosoel-nativ-oel-D08101110-p1.jpg","pharmaForm":"Öl","ribbonText":"","RPMultiplier":"1"}],"master":false,"marketplace":false,"nowProductGroup":"sameday_nextday","notOnStockMessage":"","stockStatusColor":"green","categoryCodes":["csd03575","csd03576","csd03580","csd02816","csd02817","csd02764","csd02770","csd01458","csd00001","csd01434","csd01454","csd01905","root","catalogs","main","brandshop","csd03207","csd03210","csd00283","csd03011","csd03274","csd01435","csd03338","landingpages","csd03339","csd01450","csd03342","csd03461","csd02968","csd03571","csd03646","csd03645","csd03648","csd02271","csd03671","csd03693"],"prices":{"listPrice":null,"retailPrice":{"amount":6.99,"net":6.66,"currency":"EUR","info":{"index":1,"text":"AVP / UVP"}}},"calculatedRatingRanking":3.51,"objectID":"08104678","_rankingInfo":{"nbTypos":0,"firstMatchedWord":0,"proximityDistance":0,"userScore":342,"geoDistance":0,"geoPrecision":1,"nbExactWords":0,"words":1,"filters":1,"personalization":{"score":0,"rankingScore":0,"filtersScore":0,"textualRelevanceBucket":1,"initialPosition":258,"newPosition":258}}},{"brandCode":"csd2490","pzn":"07296788","productName":"Imodium® akut Hartkapseln","secondaryCategories":["Landingpages","Topseller Reiseapotheke","Black Friday®","30% und mehr","Landingpages","Unsere Top-Produkte","Landingpages","Topseller","Black Friday®","Wohl durch den Winter","UNSERE ADVENTS-ÜBERASCHUNG EXKLUSIV FÜR UNSERE BESTEN KUNDEN.","Advent 3","Landingpages","Weltgesundheitstag: Hausapotheke","Landingpages","100 Topseller","Landingpages","Top Kunden Sommer","Landingpages","SHOP APOTHEKE NOW!","Healthy Deals","Healthy Deals Gutes Bauchgefühl","Landingpages","Healthy Deals App-Angebote"],"manufacturer":"Johnson & Johnson GmbH (OTC)","pharmaForm":"Hartkapseln","brand":"Imodium akut","brandIntern":"Imodium®","subBrandIntern":"akut","activeSubstances":["Loperamid hydrochlorid"],"additiveSubstances":["Magnesium stearat","Eisen(II,III)-oxid","Eisen(III)-oxidhydrat, schwarz","Gelatine","Maisstärke","Lactose-1-Wasser","Erythrosin","Titandioxid","Indigocarmin","Talkum"],"additiveSubstancesHtml":"<ul><li>Magnesium stearat</li><li>Eisen(II,III)-oxid</li><li>Eisen(III)-oxidhydrat, schwarz</li><li>Gelatine</li><li>Maisstärke</li><li>Lactose-1-Wasser</li><li>Erythrosin</li><li>Titandioxid</li><li>Indigocarmin</li><li>Talkum</li></ul>","descriptionShort":"Gegen Durchfall: Durchfall Tabletten mit dem Wirkstoff Loperamid. Wirkt schnell und ist gut verträglich","keywords":["Imodium","Durchfall"],"unit":"St","unitQuantityString":"12","masterID":"04940757","indicationRanges":["Magen-Darm-wirksame Pharmaka","Motilitätsbeeinflussende Mittel","Motilitätshemmende"],"ratingCount":77,"averageRating":4.95,"attributes":["apothekenpflichtig","Arzneimittel"],"prescriptionMedicine":false,"price":690,"listPrice":876,"netRetailPrice":595,"priceFormatted":"€ 6,90","listPriceFormatted":"€ 8,76","potency":"","ifap":"Das Arzneimittel enthält den Wirkstoff Loperamidhydrochlorid. Loperamidhydrochlorid ist ein Mittel gegen Durchfall. Zur symptomatischen Behandlung von akuten Durchfällen für Jugendliche ab 12 Jahren und Erwachsene, sofern keine ursächliche Therapie zur Verfügung steht. Eine über 2 Tage hinausgehende Behandlung mit Loperamid darf nur unter ärztlicher Verordnung und Verlaufsbeobachtung erfolgen.","image":"https://cdn.shop-apotheke.com/images/imodium-akut-hartkapseln-hartkapseln-D07296788-p1.jpg","hasImage":true,"deeplink":"arzneimittel/7296788/imodium-akut-hartkapseln.htm","applicablePromotions":"","variantDetails":"04940757|07296788|21|12 St|690|arzneimittel/7296788/imodium-akut-hartkapseln.htm|product.stockStatus.available","stockStatus":"","stockStatusReason":"product.stockStatus.available","inStock":true,"pricePerUnit":"","discountInPercent":21,"created":1445167842000,"lastChanged":1598591286000,"ratingsLink":"/produktbewertungen/7296788/imodium-akut-hartkapseln.htm","ean":"","RPMultiplier":1,"ribbonText":"","primaryCategory":["Die Online-Apotheke für Deutschland","Die Online-Apotheke für Deutschland/Arzneimittel & weitere Produkte ","Die Online-Apotheke für Deutschland/Arzneimittel & weitere Produkte /Magen & Darm","Die Online-Apotheke für Deutschland/Arzneimittel & weitere Produkte /Magen & Darm/Durchfall & Elektrolytersatz"],"topsellerCountBucket":10,"filterAttributes":[],"filterRating":0.05,"packSize":"12 St","variants":[{"id":"04940757","text":"Gegen Durchfall: Durchfall Tabletten mit dem Wirkstoff Loperamid. Wirkt schnell und ist gut verträglich","webDetailPath":"arzneimittel/4940757/imodium-akut-hartkapseln.htm","stock":"product.stockStatus.available","active":true,"discount":"27","retailPrice":"390","listPrice":"534","packSize":"6 St","nowProductGroup":"sameday_nextday","attributes":["apothekenpflichtig","Arzneimittel"],"productName":"Imodium® akut Hartkapseln","pricePerUnit":"","imageUrl":"https://cdn.shop-apotheke.com/images/imodium-akut-hartkapseln-hartkapseln-D04940757-p1.jpg","pharmaForm":"Hartkapseln","ribbonText":"","RPMultiplier":"1"},{"id":"07296788","text":"Gegen Durchfall: Durchfall Tabletten mit dem Wirkstoff Loperamid. Wirkt schnell und ist gut verträglich","webDetailPath":"arzneimittel/7296788/imodium-akut-hartkapseln.htm","stock":"product.stockStatus.available","active":false,"discount":"21","retailPrice":"690","listPrice":"876","packSize":"12 St","nowProductGroup":"nextday","attributes":["apothekenpflichtig","Arzneimittel"],"productName":"Imodium® akut Hartkapseln","pricePerUnit":"","imageUrl":"https://cdn.shop-apotheke.com/images/imodium-akut-hartkapseln-hartkapseln-D07296788-p1.jpg","pharmaForm":"Hartkapseln","ribbonText":"","RPMultiplier":"1"}],"master":false,"marketplace":true,"nowProductGroup":"nextday","notOnStockMessage":"","stockStatusColor":"green","categoryCodes":["csd00001","csd00219","csd00222","csd01434","csd02271","csd02859","root","catalogs","main","landingpages","csd03039","csd03339","csd03344","csd03461","csd03506","csd02968","csd03568","csd03646","csd03644","csd03648","csd03668","csd03715","csd03939"],"prices":{"listPrice":{"amount":8.76,"net":7.55,"currency":"EUR","info":{"index":1,"text":"AVP / UVP"}},"retailPrice":{"amount":6.9,"net":5.95,"currency":"EUR","info":{"index":1,"text":"AVP / UVP"}}},"calculatedRatingRanking":3.99,"objectID":"07296788","_highlightResult":{"activeSubstances":[{"value":"Loperamid hydrochlorid","matchLevel":"none","matchedWords":[]}]},"_rankingInfo":{"nbTypos":0,"firstMatchedWord":0,"proximityDistance":0,"userScore":341,"geoDistance":0,"geoPrecision":1,"nbExactWords":0,"words":1,"filters":1,"personalization":{"score":0,"rankingScore":0,"filtersScore":0,"textualRelevanceBucket":1,"initialPosition":259,"newPosition":259}}},{"brandCode":"csd01634","pzn":"01668585","productName":"Systane® Ultra","secondaryCategories":["Landingpages","Systane® Range","Landingpages","Systane®","Black Friday®","30% und mehr","Landingpages","SHOP APOTHEKE NOW!"],"manufacturer":"Alcon Pharma GmbH","pharmaForm":"Augentropfen","brand":"Systane Ultra","brandIntern":"Systane®","subBrandIntern":"Ultra","activeSubstances":["Guaraprolose","Propylenglycol","Macrogol 400"],"additiveSubstances":["Wasser für Injektionszwecke","Polidronium chlorid","Borsäure","2-Amino-2-methylpropan-1-ol","Natriumchlorid","Kaliumchlorid","Sorbitol"],"additiveSubstancesHtml":"<ul><li>Wasser für Injektionszwecke</li><li>Polidronium chlorid</li><li>Borsäure</li><li>2-Amino-2-methylpropan-1-ol</li><li>Natriumchlorid</li><li>Kaliumchlorid</li><li>Sorbitol</li></ul>","descriptionShort":"Zur Behandlung trockener Augen","keywords":["Augen","Augentropfen","AugentropfenKontaktlinsen","müdeAugen","brennendeAugen","gereizteAugen"],"unit":"ml","unitQuantityString":"3X10","masterID":"01668562","indicationRanges":["Ophthalmika","Verschiedene Ophthalmika","Künstliche Tränen"],"ratingCount":59,"averageRating":4.95,"attributes":[],"prescriptionMedicine":false,"price":2698,"listPrice":3895,"netRetailPrice":2326,"priceFormatted":"€ 26,98","listPriceFormatted":"€ 38,95","potency":"","ifap":"","image":"https://cdn.shop-apotheke.com/images/systane-ultra-augentropfen-D01668585-p1.jpg","hasImage":true,"deeplink":"arzneimittel/1668585/systane-ultra.htm","applicablePromotions":"","variantDetails":"01668562|01668585|31|3X10 ml|2698|arzneimittel/1668585/systane-ultra.htm|product.stockStatus.available","stockStatus":"","stockStatusReason":"product.stockStatus.available","inStock":true,"pricePerUnit":"89,93 € / 100 ml","discountInPercent":31,"created":1445167206000,"lastChanged":1598568852000,"ratingsLink":"/produktbewertungen/1668585/systane-ultra.htm","ean":"4004999190731","RPMultiplier":1,"ribbonText":"","primaryCategory":["Die Online-Apotheke für Deutschland","Die Online-Apotheke für Deutschland/Arzneimittel & weitere Produkte ","Die Online-Apotheke für Deutschland/Arzneimittel & weitere Produkte /Auge, Nase & Ohr","Die Online-Apotheke für Deutschland/Arzneimittel & weitere Produkte /Auge, Nase & Ohr/Auge","Die Online-Apotheke für Deutschland/Arzneimittel & weitere Produkte /Auge, Nase & Ohr/Auge/Trockene Augen"],"topsellerCountBucket":10,"filterAttributes":[],"filterRating":0.05,"packSize":"3X10 ml","variants":[{"id":"01668562","text":"Zur Behandlung trockener Augen","webDetailPath":"arzneimittel/1668562/systane-ultra.htm","stock":"product.stockStatus.available","active":true,"discount":"28","retailPrice":"1072","listPrice":"1495","packSize":"10 ml","nowProductGroup":"sameday_nextday","attributes":[],"productName":"Systane® Ultra","pricePerUnit":"107,20 € / 100 ml","imageUrl":"https://cdn.shop-apotheke.com/images/systane-ultra-augentropfen-D01668562-p1.jpg","pharmaForm":"Augentropfen","ribbonText":"","RPMultiplier":"1"},{"id":"01668585","text":"Zur Behandlung trockener Augen","webDetailPath":"arzneimittel/1668585/systane-ultra.htm","stock":"product.stockStatus.available","active":false,"discount":"31","retailPrice":"2698","listPrice":"3895","packSize":"3X10 ml","nowProductGroup":"sameday_nextday","attributes":[],"productName":"Systane® Ultra","pricePerUnit":"89,93 € / 100 ml","imageUrl":"https://cdn.shop-apotheke.com/images/systane-ultra-augentropfen-D01668585-p1.jpg","pharmaForm":"Augentropfen","ribbonText":"","RPMultiplier":"1"}],"master":false,"marketplace":true,"nowProductGroup":"sameday_nextday","notOnStockMessage":"","stockStatusColor":"green","categoryCodes":["csd00001","csd00020","csd00021","csd00025","root","catalogs","main","landingpages","csd02409","csd02801","csd01434","csd02271","csd02859","csd03339"],"prices":{"listPrice":{"amount":38.95,"net":33.58,"currency":"EUR","info":{"index":1,"text":"AVP / UVP"}},"retailPrice":{"amount":26.98,"net":23.26,"currency":"EUR","info":{"index":1,"text":"AVP / UVP"}}},"calculatedRatingRanking":3.83,"objectID":"01668585","_highlightResult":{"activeSubstances":[{"value":"Guaraprolose","matchLevel":"none","matchedWords":[]},{"value":"Propylenglycol","matchLevel":"none","matchedWords":[]},{"value":"Macrogol 400","matchLevel":"none","matchedWords":[]}]},"_rankingInfo":{"nbTypos":0,"firstMatchedWord":0,"proximityDistance":0,"userScore":340,"geoDistance":0,"geoPrecision":1,"nbExactWords":0,"words":1,"filters":1,"personalization":{"score":0,"rankingScore":0,"filtersScore":0,"textualRelevanceBucket":1,"initialPosition":260,"newPosition":260}}},{"brandCode":"csd2889","pzn":"01420649","productName":"Kaiser-Natron Pulver","secondaryCategories":["Black Friday®","40% und mehr","Black Friday®","Wohl durch den Winter","Landingpages","SHOP APOTHEKE NOW!"],"manufacturer":"Arnold Holste Wwe. GmbH & Co. KG","pharmaForm":"Pulver","brand":"Kaiser Natron","brandIntern":"Kaiser Natron®","subBrandIntern":"","activeSubstances":["Natriumhydrogencarbonat"],"additiveSubstances":[],"additiveSubstancesHtml":"","descriptionShort":"Mit Natrium","keywords":[],"unit":"g","unitQuantityString":"250","masterID":"00494539","indicationRanges":["Ohne Angabe einer Indikation, da Nichtarzneimittel"],"ratingCount":21,"averageRating":4.95,"attributes":["Lebensmittel"],"prescriptionMedicine":false,"price":192,"listPrice":299,"netRetailPrice":183,"priceFormatted":"€ 1,92","listPriceFormatted":"€ 2,99","potency":"","ifap":"","image":"https://cdn.shop-apotheke.com/images/kaiser-natron-pulver-pulver-D01420649-p1.jpg","hasImage":true,"deeplink":"arzneimittel/1420649/kaiser-natron-pulver.htm","applicablePromotions":"","variantDetails":"00494539|01420649|36|250 g|192|arzneimittel/1420649/kaiser-natron-pulver.htm|product.stockStatus.available","stockStatus":"","stockStatusReason":"product.stockStatus.available","inStock":true,"pricePerUnit":"0,77 € / 100 g","discountInPercent":36,"created":1445173839000,"lastChanged":1598568766000,"ratingsLink":"/produktbewertungen/1420649/kaiser-natron-pulver.htm","ean":"4000401010147","RPMultiplier":1,"ribbonText":"","primaryCategory":["Die Online-Apotheke für Deutschland","Die Online-Apotheke für Deutschland/Arzneimittel & weitere Produkte ","Die Online-Apotheke für Deutschland/Arzneimittel & weitere Produkte /Magen & Darm","Die Online-Apotheke für Deutschland/Arzneimittel & weitere Produkte /Magen & Darm/Sodbrennen"],"topsellerCountBucket":10,"filterAttributes":["Lebensmittel"],"filterRating":0.05,"packSize":"250 g","variants":[{"id":"00494539","text":"Mit Natrium","webDetailPath":"arzneimittel/494539/kaiser-natron-btl-pulver.htm","stock":"product.stockStatus.available","active":true,"discount":"2","retailPrice":"97","listPrice":"99","packSize":"50 g","nowProductGroup":"sameday_nextday","attributes":["vegetarisch","vegan","Lebensmittel"],"productName":"Kaiser Natron Btl. Pulver","pricePerUnit":"1,94 € / 100 g","imageUrl":"https://cdn.shop-apotheke.com/images/kaiser-natron-btl-pulver-pulver-D00494539-p10.jpg","pharmaForm":"Pulver","ribbonText":"","RPMultiplier":"1"},{"id":"01420649","text":"Mit Natrium","webDetailPath":"arzneimittel/1420649/kaiser-natron-pulver.htm","stock":"product.stockStatus.available","active":false,"discount":"36","retailPrice":"192","listPrice":"299","packSize":"250 g","nowProductGroup":"sameday_nextday","attributes":["Lebensmittel"],"productName":"Kaiser-Natron Pulver","pricePerUnit":"0,77 € / 100 g","imageUrl":"https://cdn.shop-apotheke.com/images/kaiser-natron-pulver-pulver-D01420649-p1.jpg","pharmaForm":"Pulver","ribbonText":"","RPMultiplier":"1"}],"master":false,"marketplace":true,"nowProductGroup":"sameday_nextday","notOnStockMessage":"","stockStatusColor":"green","categoryCodes":["csd00001","csd00219","csd00229","csd01434","csd02271","csd02272","root","catalogs","main","landingpages","csd03339","csd03668"],"prices":{"listPrice":{"amount":2.99,"net":2.85,"currency":"EUR","info":{"index":1,"text":"AVP / UVP"}},"retailPrice":{"amount":1.92,"net":1.83,"currency":"EUR","info":{"index":1,"text":"AVP / UVP"}}},"calculatedRatingRanking":3.22,"objectID":"01420649","_highlightResult":{"activeSubstances":[{"value":"Natriumhydrogencarbonat","matchLevel":"none","matchedWords":[]}]},"_rankingInfo":{"nbTypos":0,"firstMatchedWord":0,"proximityDistance":0,"userScore":339,"geoDistance":0,"geoPrecision":1,"nbExactWords":0,"words":1,"filters":1,"personalization":{"score":0,"rankingScore":0,"filtersScore":0,"textualRelevanceBucket":1,"initialPosition":261,"newPosition":261}}},{"brandCode":"csd2502","pzn":"10993605","productName":"KadeFungin® Befeuchtungsgel","secondaryCategories":["Scheidenpilz","Kadefungin® Befeuchtungsgel","Scheidenpilz","KadeFungin®3","Scheidenpilz","KadeFungin® Milchsäurekur"],"manufacturer":"DR. KADE Pharmazeutische Fabrik GmbH","pharmaForm":"Gel","brand":"KadeFungin","brandIntern":"KadeFungin®","subBrandIntern":"","activeSubstances":["Hyetellose","Hyaluronsäure, Natriumsalz","Glycerol"],"additiveSubstances":["Benzoesäure","Wasser, gereinigtes","Propylenglycol"],"additiveSubstancesHtml":"<ul><li>Benzoesäure</li><li>Wasser, gereinigtes</li><li>Propylenglycol</li></ul>","descriptionShort":"Zur Linderung der Beschwerden die durch Scheidentrockenheit hervorgerufen wurden","keywords":["intimfeuchtcreme"],"unit":"ml","unitQuantityString":"30","masterID":"10993605","indicationRanges":["Gynäkologika/ Vaginaltherapeutika","Vaginaltherapeutika","Scheidentrockenheit/ Vaginal-Gleitgele"],"ratingCount":16,"averageRating":4.94,"attributes":[],"prescriptionMedicine":false,"price":927,"listPrice":1150,"netRetailPrice":799,"priceFormatted":"€ 9,27","listPriceFormatted":"€ 11,50","potency":"","ifap":"","image":"https://cdn.shop-apotheke.com/images/kadefungin-befeuchtungsgel-gel-D10993605-p1.jpg","hasImage":true,"deeplink":"arzneimittel/10993605/kadefungin-befeuchtungsgel.htm","applicablePromotions":"","variantDetails":"10993605|10993605|19|30 ml|927|arzneimittel/10993605/kadefungin-befeuchtungsgel.htm|product.stockStatus.available","stockStatus":"","stockStatusReason":"product.stockStatus.available","inStock":true,"pricePerUnit":"30,90 € / 100 ml","discountInPercent":19,"created":1445165449000,"lastChanged":1598571889000,"ratingsLink":"/produktbewertungen/10993605/kadefungin-befeuchtungsgel.htm","ean":"","RPMultiplier":1,"ribbonText":"","primaryCategory":["Die Online-Apotheke für Deutschland","Die Online-Apotheke für Deutschland/Arzneimittel & weitere Produkte ","Die Online-Apotheke für Deutschland/Arzneimittel & weitere Produkte /Frauengesundheit","Die Online-Apotheke für Deutschland/Arzneimittel & weitere Produkte /Frauengesundheit/Vaginalflora"],"topsellerCountBucket":10,"filterAttributes":[],"filterRating":0.06,"packSize":"30 ml","variants":[{"id":"10993605","text":"Zur Linderung der Beschwerden die durch Scheidentrockenheit hervorgerufen wurden","webDetailPath":"arzneimittel/10993605/kadefungin-befeuchtungsgel.htm","stock":"product.stockStatus.available","active":true,"discount":"19","retailPrice":"927","listPrice":"1150","packSize":"30 ml","nowProductGroup":"sameday_nextday","attributes":[],"productName":"KadeFungin® Befeuchtungsgel","pricePerUnit":"30,90 € / 100 ml","imageUrl":"https://cdn.shop-apotheke.com/images/kadefungin-befeuchtungsgel-gel-D10993605-p1.jpg","pharmaForm":"Gel","ribbonText":"","RPMultiplier":"1"}],"master":true,"marketplace":false,"nowProductGroup":"sameday_nextday","notOnStockMessage":"","stockStatusColor":"green","categoryCodes":["csd00001","csd00072","csd01046","root","catalogs","main","themeshop","csd01161","csd01168","csd01169","csd03092"],"prices":{"listPrice":{"amount":11.5,"net":9.91,"currency":"EUR","info":{"index":1,"text":"AVP / UVP"}},"retailPrice":{"amount":9.27,"net":7.99,"currency":"EUR","info":{"index":1,"text":"AVP / UVP"}}},"calculatedRatingRanking":3.09,"objectID":"10993605","_highlightResult":{"activeSubstances":[{"value":"Hyetellose","matchLevel":"none","matchedWords":[]},{"value":"Hyaluronsäure, Natriumsalz","matchLevel":"none","matchedWords":[]},{"value":"Glycerol","matchLevel":"none","matchedWords":[]}]},"_rankingInfo":{"nbTypos":0,"firstMatchedWord":0,"proximityDistance":0,"userScore":338,"geoDistance":0,"geoPrecision":1,"nbExactWords":0,"words":1,"filters":1,"personalization":{"score":0,"rankingScore":0,"filtersScore":0,"textualRelevanceBucket":1,"initialPosition":262,"newPosition":262}}},{"brandCode":"csd04388","pzn":"10793160","productName":"taxofit® Magnesium 600 Forte","secondaryCategories":["Sportlernährstoffe","Magnesium","Landingpages","SHOP APOTHEKE NOW!","Healthy Deals","Healthy Deals Ernährung, Sport & Abnehmen","Landingpages","Healthy Deals App-Angebote"],"manufacturer":"MCM KLOSTERFRAU Vertr. GmbH","pharmaForm":"Tabletten","brand":"taxofit Magnesium","brandIntern":"taxofit®","subBrandIntern":"Magnesium","activeSubstances":["Magnesiumcarbonat","Cyanocobalamin","Magnesiumoxid","Pyridoxin hydrochlorid","Thiamin nitrat"],"additiveSubstances":["Croscarmellose","Hypromellose","Glycerol(mono/di)speisefettsäureester","Siliciumdioxid","Cellulose","Speisefettsäuren, Magnesiumsalze","Palmöl, hydriert","Speisefettsäuren","Stärke","Titandioxid","Talkum"],"additiveSubstancesHtml":"<ul><li>Croscarmellose</li><li>Hypromellose</li><li>Glycerol(mono/di)speisefettsäureester</li><li>Siliciumdioxid</li><li>Cellulose</li><li>Speisefettsäuren, Magnesiumsalze</li><li>Palmöl, hydriert</li><li>Speisefettsäuren</li><li>Stärke</li><li>Titandioxid</li><li>Talkum</li></ul>","descriptionShort":"Für Muskeln, Herz, Nervensystem und Energieleistung","keywords":[],"unit":"St","unitQuantityString":"30","masterID":"10793160","indicationRanges":["Mineralstoffe (Therapie und Substitution)","Magnesium-Präparate","Sonstige Kombinationen"],"ratingCount":17,"averageRating":4.94,"attributes":["Lebensmittel","Nahrungsergänzungsmittel"],"prescriptionMedicine":false,"price":352,"listPrice":441,"netRetailPrice":335,"priceFormatted":"€ 3,52","listPriceFormatted":"€ 4,41","potency":"","ifap":"","image":"https://cdn.shop-apotheke.com/images/taxofit-magnesium-600-forte-tabletten-D10793160-p1.jpg","hasImage":true,"deeplink":"arzneimittel/10793160/taxofit-magnesium-600-forte.htm","applicablePromotions":"","variantDetails":"10793160|10793160|20|30 St|352|arzneimittel/10793160/taxofit-magnesium-600-forte.htm|product.stockStatus.available","stockStatus":"","stockStatusReason":"product.stockStatus.available","inStock":true,"pricePerUnit":"","discountInPercent":20,"created":1445178329000,"lastChanged":1598591221000,"ratingsLink":"/produktbewertungen/10793160/taxofit-magnesium-600-forte.htm","ean":"4008617042686","RPMultiplier":1,"ribbonText":"","primaryCategory":["Die Online-Apotheke für Deutschland","Die Online-Apotheke für Deutschland/Arzneimittel & weitere Produkte ","Die Online-Apotheke für Deutschland/Arzneimittel & weitere Produkte /Vitamine & Mineralstoffe","Die Online-Apotheke für Deutschland/Arzneimittel & weitere Produkte /Vitamine & Mineralstoffe/Mineralstoffe & Spurenelemente","Die Online-Apotheke für Deutschland/Arzneimittel & weitere Produkte /Vitamine & Mineralstoffe/Mineralstoffe & Spurenelemente/Magnesium"],"topsellerCountBucket":10,"filterAttributes":["Lebensmittel","Nahrungsergänzungsmittel"],"filterRating":0.06,"packSize":"30 St","variants":[{"id":"10793160","text":"Für Muskeln, Herz, Nervensystem und Energieleistung","webDetailPath":"arzneimittel/10793160/taxofit-magnesium-600-forte.htm","stock":"product.stockStatus.available","active":true,"discount":"20","retailPrice":"352","listPrice":"441","packSize":"30 St","nowProductGroup":"nextday","attributes":["Lebensmittel","Nahrungsergänzungsmittel"],"productName":"taxofit® Magnesium 600 Forte","pricePerUnit":"","imageUrl":"https://cdn.shop-apotheke.com/images/taxofit-magnesium-600-forte-tabletten-D10793160-p1.jpg","pharmaForm":"Tabletten","ribbonText":"","RPMultiplier":"1"}],"master":true,"marketplace":false,"nowProductGroup":"nextday","notOnStockMessage":"","stockStatusColor":"green","categoryCodes":["csd00001","csd00324","csd00328","csd00336","root","catalogs","main","landingpages","csd03339","csd03461","csd01434","csd02968","csd03571","csd03575","csd00283","csd03623","csd03631"],"prices":{"listPrice":{"amount":4.41,"net":4.2,"currency":"EUR","info":{"index":1,"text":"AVP / UVP"}},"retailPrice":{"amount":3.52,"net":3.35,"currency":"EUR","info":{"index":1,"text":"AVP / UVP"}}},"calculatedRatingRanking":3.12,"objectID":"10793160","_highlightResult":{"activeSubstances":[{"value":"Magnesiumcarbonat","matchLevel":"none","matchedWords":[]},{"value":"Cyanocobalamin","matchLevel":"none","matchedWords":[]},{"value":"Magnesiumoxid","matchLevel":"none","matchedWords":[]},{"value":"Pyridoxin hydrochlorid","matchLevel":"none","matchedWords":[]},{"value":"Thiamin nitrat","matchLevel":"none","matchedWords":[]}]},"_rankingInfo":{"nbTypos":0,"firstMatchedWord":0,"proximityDistance":0,"userScore":337,"geoDistance":0,"geoPrecision":1,"nbExactWords":0,"words":1,"filters":1,"personalization":{"score":0,"rankingScore":0,"filtersScore":0,"textualRelevanceBucket":1,"initialPosition":263,"newPosition":263}}},{"brandCode":"csd2775","pzn":"10020297","productName":"Vagisan® Intimwaschlotion","secondaryCategories":["Männergesundheit","Intim- & Körperhygiene","Frauengesundheit","Intim- & Körperhygiene","Valentinstag-Special","Zeit für Liebe"],"manufacturer":"Dr. August Wolff GmbH & Co.KG Arzneimittel","pharmaForm":"Lotion","brand":"Vagisan","brandIntern":"Vagisan®","subBrandIntern":"","activeSubstances":["Kamillenblüten-Extrakt"],"additiveSubstances":["Natrium laureth sulfat","N,N-Bis(2-hydroxyethyl)cocosfettsäureamid","PEG-7 glycerol cocoat","Natrium cocoamphoacetat","Dinatrium laureth sulfosuccinat","Parfüm","Natriumbenzoat","Wasser, gereinigtes","Natriumchlorid","Propylenglycol","Kalium sorbat","Milchsäure"],"additiveSubstancesHtml":"<ul><li>Natrium laureth sulfat</li><li>N,N-Bis(2-hydroxyethyl)cocosfettsäureamid</li><li>PEG-7 glycerol cocoat</li><li>Natrium cocoamphoacetat</li><li>Dinatrium laureth sulfosuccinat</li><li>Parfüm</li><li>Natriumbenzoat</li><li>Wasser, gereinigtes</li><li>Natriumchlorid</li><li>Propylenglycol</li><li>Kalium sorbat</li><li>Milchsäure</li></ul>","descriptionShort":"Reinigt besonders sanft und beugt Irritationen im Intimbereich vor","keywords":[],"unit":"ml","unitQuantityString":"100","masterID":"10020297","indicationRanges":["Kosmetika und Kinderpflegemittel","Haut-/ Haarreinigung inkl. Bade- und Duschzusätze"],"ratingCount":48,"averageRating":4.94,"attributes":[],"prescriptionMedicine":false,"price":582,"listPrice":597,"netRetailPrice":502,"priceFormatted":"€ 5,82","listPriceFormatted":"€ 5,97","potency":"","ifap":"","image":"https://cdn.shop-apotheke.com/images/vagisan-intimwaschlotion-lotion-D10020297-p1.jpg","hasImage":true,"deeplink":"arzneimittel/10020297/vagisan-intimwaschlotion.htm","applicablePromotions":"","variantDetails":"10020297|10020297|3|100 ml|582|arzneimittel/10020297/vagisan-intimwaschlotion.htm|product.stockStatus.available","stockStatus":"","stockStatusReason":"product.stockStatus.available","inStock":true,"pricePerUnit":"5,82 € / 100 ml","discountInPercent":3,"created":1445168131000,"lastChanged":1598578301000,"ratingsLink":"/produktbewertungen/10020297/vagisan-intimwaschlotion.htm","ean":"4048882275402","RPMultiplier":1,"ribbonText":"","primaryCategory":["Die Online-Apotheke für Deutschland","Die Online-Apotheke für Deutschland/Arzneimittel & weitere Produkte ","Die Online-Apotheke für Deutschland/Arzneimittel & weitere Produkte /Liebe & Lifestyle","Die Online-Apotheke für Deutschland/Arzneimittel & weitere Produkte /Liebe & Lifestyle/Intim- & Körperhygiene"],"topsellerCountBucket":10,"filterAttributes":[],"filterRating":0.06,"packSize":"100 ml","variants":[{"id":"10020297","text":"Reinigt besonders sanft und beugt Irritationen im Intimbereich vor","webDetailPath":"arzneimittel/10020297/vagisan-intimwaschlotion.htm","stock":"product.stockStatus.available","active":true,"discount":"3","retailPrice":"582","listPrice":"597","packSize":"100 ml","nowProductGroup":"nextday","attributes":[],"productName":"Vagisan® Intimwaschlotion","pricePerUnit":"5,82 € / 100 ml","imageUrl":"https://cdn.shop-apotheke.com/images/vagisan-intimwaschlotion-lotion-D10020297-p1.jpg","pharmaForm":"Lotion","ribbonText":"","RPMultiplier":"1"},{"id":"05140881","text":"Natürlich, sanft und schonend","webDetailPath":"arzneimittel/5140881/vagisan-intimwaschlotion.htm","stock":"product.stockStatus.available","active":false,"discount":"2","retailPrice":"1058","listPrice":"1085","packSize":"200 ml","nowProductGroup":"sameday_nextday","attributes":[],"productName":"Vagisan® Intimwaschlotion","pricePerUnit":"5,29 € / 100 ml","imageUrl":"https://cdn.shop-apotheke.com/images/vagisan-intimwaschlotion-lotion-D05140881-p1.jpg","pharmaForm":"Lotion","ribbonText":"","RPMultiplier":"1"}],"master":true,"marketplace":true,"nowProductGroup":"nextday","notOnStockMessage":"","stockStatusColor":"green","categoryCodes":["csd00001","csd00207","csd00209","csd00072","csd01080","csd00233","csd01107","csd01434","csd02352","csd03697"],"prices":{"listPrice":{"amount":5.97,"net":5.15,"currency":"EUR","info":{"index":1,"text":"AVP / UVP"}},"retailPrice":{"amount":5.82,"net":5.02,"currency":"EUR","info":{"index":1,"text":"AVP / UVP"}}},"calculatedRatingRanking":3.7,"objectID":"10020297","_highlightResult":{"activeSubstances":[{"value":"Kamillenblüten-Extrakt","matchLevel":"none","matchedWords":[]}]},"_rankingInfo":{"nbTypos":0,"firstMatchedWord":0,"proximityDistance":0,"userScore":336,"geoDistance":0,"geoPrecision":1,"nbExactWords":0,"words":1,"filters":1,"personalization":{"score":0,"rankingScore":0,"filtersScore":0,"textualRelevanceBucket":1,"initialPosition":264,"newPosition":264}}},{"brandCode":"csd2869","pzn":"09440195","productName":"Imidin® N Nasenspray","secondaryCategories":["Erkältung & Grippe","Schnupfen","Landingpages","NOW! Erkältung","Landingpages","NOW! Reiseapotheke","Black Friday®","Erkältungs-Produkte","Landingpages","SHOP APOTHEKE NOW!","Healthy Deals","RedPoints-Aktion"],"manufacturer":"Aristo Pharma GmbH","pharmaForm":"Nasenspray","brand":"Imidin","brandIntern":"Imidin®","subBrandIntern":"N","activeSubstances":["Xylometazolin hydrochlorid"],"additiveSubstances":["Benzalkonium chlorid","Wasser, gereinigtes","Natriumcitrat-2-Wasser","Citronensäure monohydrat","Glycerol 85%"],"additiveSubstancesHtml":"<ul><li>Benzalkonium chlorid</li><li>Wasser, gereinigtes</li><li>Natriumcitrat-2-Wasser</li><li>Citronensäure monohydrat</li><li>Glycerol 85%</li></ul>","descriptionShort":"Zur Abschwellung der Nasenschleimhaut bei Schnupfen","keywords":[],"unit":"ml","unitQuantityString":"15","masterID":"04507581","indicationRanges":["Atemwegskrankheiten und grippale Infekte","Rhinologika, lokale Anwendung","Schnupfenmittel, Sympathomimetika-haltig"],"ratingCount":17,"averageRating":4.94,"attributes":["apothekenpflichtig","Arzneimittel"],"prescriptionMedicine":false,"price":282,"listPrice":403,"netRetailPrice":243,"priceFormatted":"€ 2,82","listPriceFormatted":"€ 4,03","potency":"","ifap":"Das Dosierspray ist ein Schnupfenmittel (Rhinologikum, Alpha-Sympathomimetikum). Der Wirkstoff Xylometazolinhydrochlorid hat gefäßverengende Eigenschaften und bewirkt dadurch eine Abschwellung der Nasenschleimhaut. Das Dosierspray wird angewendetzur Abschwellung der Nasenschleimhaut bei Schnupfen, anfallsweise auftretendem Fließschnupfen (Rhinitis vasomotorica) und allergischem Schnupfen (Rhinitis allergica). zur Erleichterung des Abfließens des Sekrets bei Entzündungen der Nasennebenhöhlen sowie bei Mittelohrentzündung (Katarrh des Tubenmittelohrs) in Verbindung mit Schnupfen. Das Dosierspray ist für Schulkinder und Erwachsene bestimmt.","image":"https://cdn.shop-apotheke.com/images/imidin-n-nasenspray-nasenspray-D09440195-p1.jpg","hasImage":true,"deeplink":"arzneimittel/9440195/imidin-n-nasenspray.htm","applicablePromotions":"","variantDetails":"04507581|09440195|30|15 ml|282|arzneimittel/9440195/imidin-n-nasenspray.htm|product.stockStatus.available","stockStatus":"","stockStatusReason":"product.stockStatus.available","inStock":true,"pricePerUnit":"18,80 € / 100 ml","discountInPercent":30,"created":1481115672000,"lastChanged":1598571425000,"ratingsLink":"/produktbewertungen/9440195/imidin-n-nasenspray.htm","ean":"","RPMultiplier":1,"ribbonText":"","primaryCategory":["Die Online-Apotheke für Deutschland","Die Online-Apotheke für Deutschland/Arzneimittel & weitere Produkte ","Die Online-Apotheke für Deutschland/Arzneimittel & weitere Produkte /Auge, Nase & Ohr","Die Online-Apotheke für Deutschland/Arzneimittel & weitere Produkte /Auge, Nase & Ohr/Nase","Die Online-Apotheke für Deutschland/Arzneimittel & weitere Produkte /Auge, Nase & Ohr/Nase/Schnupfen"],"topsellerCountBucket":10,"filterAttributes":[],"filterRating":0.06,"packSize":"15 ml","variants":[{"id":"04507581","text":"Zur Abschwellung der Nasenschleimhaut bei Schnupfen","webDetailPath":"arzneimittel/4507581/imidin-n-nasenspray.htm","stock":"product.stockStatus.available","active":true,"discount":"41","retailPrice":"184","listPrice":"312","packSize":"10 ml","nowProductGroup":"sameday_nextday","attributes":["apothekenpflichtig","Arzneimittel"],"productName":"Imidin®N Nasenspray","pricePerUnit":"18,40 € / 100 ml","imageUrl":"https://cdn.shop-apotheke.com/images/imidin-n-nasenspray-nasenspray-D04507581-p1.jpg","pharmaForm":"Nasenspray","ribbonText":"","RPMultiplier":"1"},{"id":"09440195","text":"Zur Abschwellung der Nasenschleimhaut bei Schnupfen","webDetailPath":"arzneimittel/9440195/imidin-n-nasenspray.htm","stock":"product.stockStatus.available","active":false,"discount":"30","retailPrice":"282","listPrice":"403","packSize":"15 ml","nowProductGroup":"sameday_nextday","attributes":["apothekenpflichtig","Arzneimittel"],"productName":"Imidin® N Nasenspray","pricePerUnit":"18,80 € / 100 ml","imageUrl":"https://cdn.shop-apotheke.com/images/imidin-n-nasenspray-nasenspray-D09440195-p1.jpg","pharmaForm":"Nasenspray","ribbonText":"","RPMultiplier":"1"}],"master":false,"marketplace":true,"nowProductGroup":"sameday_nextday","notOnStockMessage":"","stockStatusColor":"green","categoryCodes":["csd00001","csd00020","csd00028","csd00033","csd00061","csd01060","csd01434","csd02271","csd02862","csd02968","csd03288","root","catalogs","main","landingpages","csd03339","csd03341","csd03476"],"prices":{"listPrice":{"amount":4.03,"net":3.47,"currency":"EUR","info":{"index":1,"text":"AVP / UVP"}},"retailPrice":{"amount":2.82,"net":2.43,"currency":"EUR","info":{"index":1,"text":"AVP / UVP"}}},"calculatedRatingRanking":3.12,"objectID":"09440195","_highlightResult":{"activeSubstances":[{"value":"Xylometazolin hydrochlorid","matchLevel":"none","matchedWords":[]}]},"_rankingInfo":{"nbTypos":0,"firstMatchedWord":0,"proximityDistance":0,"userScore":335,"geoDistance":0,"geoPrecision":1,"nbExactWords":0,"words":1,"filters":1,"personalization":{"score":0,"rankingScore":0,"filtersScore":0,"textualRelevanceBucket":1,"initialPosition":265,"newPosition":265}}},{"brandCode":"","pzn":"05484132","productName":"LACALUT aktiv Zahncreme","secondaryCategories":["Landingpages","SHOP APOTHEKE NOW!","Healthy Deals","RedPoints-Aktion"],"manufacturer":"Dr. Theiss Naturwaren GmbH","pharmaForm":"Zahncreme","brand":"","brandIntern":"LACALUT®","subBrandIntern":"aktiv","activeSubstances":["Allantoin","Bisabolol","Aluminumfluorid","Chlorhexidin digluconat"],"additiveSubstances":["D-Limonen","Aromastoffe, natürlich, naturidentisch","Siliciumdioxid, hochdisperses","Siliciumdioxid hydrat","Saccharin natrium","Aluminium-(RS)-trilactat","Stärke-Hydrolysat, hydriert","Wasser, gereinigtes","Natriumdodecylsulfat","Poloxamer 188","Titandioxid","Aluminiumhydroxid"],"additiveSubstancesHtml":"<ul><li>D-Limonen</li><li>Aromastoffe, natürlich, naturidentisch</li><li>Siliciumdioxid, hochdisperses</li><li>Siliciumdioxid hydrat</li><li>Saccharin natrium</li><li>Aluminium-(RS)-trilactat</li><li>Stärke-Hydrolysat, hydriert</li><li>Wasser, gereinigtes</li><li>Natriumdodecylsulfat</li><li>Poloxamer 188</li><li>Titandioxid</li><li>Aluminiumhydroxid</li></ul>","descriptionShort":"Zum Schutz und Erhalt gesunder Zähne","keywords":[],"unit":"ml","unitQuantityString":"100","masterID":"05484132","indicationRanges":["Mund-/ Rachentherapeutika und Zahnpflege","Karies-Prophylaxe und Therapie"],"ratingCount":32,"averageRating":4.94,"attributes":[],"prescriptionMedicine":false,"price":321,"listPrice":380,"netRetailPrice":277,"priceFormatted":"€ 3,21","listPriceFormatted":"€ 3,80","potency":"","ifap":"","image":"https://cdn.shop-apotheke.com/images/lacalut-aktiv-zahncreme-zahncreme-D05484132-p1.jpg","hasImage":true,"deeplink":"arzneimittel/5484132/lacalut-aktiv-zahncreme.htm","applicablePromotions":"","variantDetails":"05484132|05484132|16|100 ml|321|arzneimittel/5484132/lacalut-aktiv-zahncreme.htm|product.stockStatus.available","stockStatus":"","stockStatusReason":"product.stockStatus.available","inStock":true,"pricePerUnit":"3,21 € / 100 ml","discountInPercent":16,"created":1445167810000,"lastChanged":1598570065000,"ratingsLink":"/produktbewertungen/5484132/lacalut-aktiv-zahncreme.htm","ean":"4016369461334","RPMultiplier":1,"ribbonText":"","primaryCategory":["Die Online-Apotheke für Deutschland","Die Online-Apotheke für Deutschland/Arzneimittel & weitere Produkte ","Die Online-Apotheke für Deutschland/Arzneimittel & weitere Produkte /Mund- & Zahnpflege","Die Online-Apotheke für Deutschland/Arzneimittel & weitere Produkte /Mund- & Zahnpflege/Zahnpasta"],"topsellerCountBucket":10,"filterAttributes":[],"filterRating":0.06,"packSize":"100 ml","variants":[{"id":"05484132","text":"Zum Schutz und Erhalt gesunder Zähne","webDetailPath":"arzneimittel/5484132/lacalut-aktiv-zahncreme.htm","stock":"product.stockStatus.available","active":true,"discount":"16","retailPrice":"321","listPrice":"380","packSize":"100 ml","nowProductGroup":"sameday_nextday","attributes":[],"productName":"LACALUT aktiv Zahncreme","pricePerUnit":"3,21 € / 100 ml","imageUrl":"https://cdn.shop-apotheke.com/images/lacalut-aktiv-zahncreme-zahncreme-D05484132-p1.jpg","pharmaForm":"Zahncreme","ribbonText":"","RPMultiplier":"1"}],"master":true,"marketplace":true,"nowProductGroup":"sameday_nextday","notOnStockMessage":"","stockStatusColor":"green","categoryCodes":["csd00001","csd00244","csd00260","csd01434","csd02968","csd03288","root","catalogs","main","landingpages","csd03339"],"prices":{"listPrice":{"amount":3.8,"net":3.28,"currency":"EUR","info":{"index":1,"text":"AVP / UVP"}},"retailPrice":{"amount":3.21,"net":2.77,"currency":"EUR","info":{"index":1,"text":"AVP / UVP"}}},"calculatedRatingRanking":3.45,"objectID":"05484132","_highlightResult":{"activeSubstances":[{"value":"<ais-highlight-0000000000>A</ais-highlight-0000000000>llantoin","matchLevel":"full","fullyHighlighted":false,"matchedWords":["a"]},{"value":"Bisabolol","matchLevel":"none","matchedWords":[]},{"value":"<ais-highlight-0000000000>A</ais-highlight-0000000000>luminumfluorid","matchLevel":"full","fullyHighlighted":false,"matchedWords":["a"]},{"value":"Chlorhexidin digluconat","matchLevel":"none","matchedWords":[]}]},"_rankingInfo":{"nbTypos":0,"firstMatchedWord":0,"proximityDistance":0,"userScore":334,"geoDistance":0,"geoPrecision":1,"nbExactWords":0,"words":1,"filters":1,"personalization":{"score":0,"rankingScore":0,"filtersScore":0,"textualRelevanceBucket":1,"initialPosition":266,"newPosition":266}}},{"brandCode":"csd03735","pzn":"00704014","productName":"ratioAllerg® Heuschnupfen Nasenspray","secondaryCategories":["ratiopharm","Allergie","Landingpages","Allergie-Topseller","Black Friday®","40% und mehr","Landingpages","Topseller Allergie","Produkt-Promotions CRM","SHOP APOTHEKE NOW! Allergie","Landingpages","Weltgesundheitstag: Hausapotheke","Landingpages","100 Topseller","Landingpages","SHOP APOTHEKE NOW!"],"manufacturer":"ratiopharm GmbH","pharmaForm":"Nasenspray","brand":"ratiopharm ratioAllerg","brandIntern":"ratiopharm","subBrandIntern":"ratioAllerg®","activeSubstances":["Beclometason dipropionat"],"additiveSubstances":["Benzalkonium chlorid","Cellulose, mikrokristalline","Glucose","Natriumhydroxid zur pH-Wert-Einstellung","Salzsäure zur pH-Wert-Einstellung","Wasser, gereinigtes","Carmellose natrium","Polysorbat 80"],"additiveSubstancesHtml":"<ul><li>Benzalkonium chlorid</li><li>Cellulose, mikrokristalline</li><li>Glucose</li><li>Natriumhydroxid zur pH-Wert-Einstellung</li><li>Salzsäure zur pH-Wert-Einstellung</li><li>Wasser, gereinigtes</li><li>Carmellose natrium</li><li>Polysorbat 80</li></ul>","descriptionShort":"Zur Kurzzeitbehandlung von Heuschnupfen","keywords":["Heuschnupfen","Pollenallergie","Allergie"],"unit":"ml","unitQuantityString":"10","masterID":"00704014","indicationRanges":["Atemwegskrankheiten und grippale Infekte","Rhinologika, lokale Anwendung","Heuschnupfenmittel, Corticoid-haltig"],"ratingCount":17,"averageRating":4.94,"attributes":["apothekenpflichtig","Arzneimittel"],"prescriptionMedicine":false,"price":509,"listPrice":1000,"netRetailPrice":439,"priceFormatted":"€ 5,09","listPriceFormatted":"€ 10,00","potency":"","ifap":"Das Arzneimittel ist ein Rhinologikum (Arzneimittel zur Anwendung in der Nase). Es wird angewendet zurKurzzeitbehandlung von Heuschnupfen (saisonale allergische Rhinitis), sofern die Erstdiagnose des Heuschnupfens durch einen Arzt erfolgt ist. Hinweis:Das Arzneimittel eignet sich nicht zur sofortigen Behebung akut auftretender Krankheitszeichen beim allergischen Schnupfen.","image":"https://cdn.shop-apotheke.com/images/ratioallerg-heuschnupfen-nasenspray-nasenspray-D00704014-p1.jpg","hasImage":true,"deeplink":"arzneimittel/704014/ratioallerg-heuschnupfen-nasenspray.htm","applicablePromotions":"","variantDetails":"00704014|00704014|49|10 ml|509|arzneimittel/704014/ratioallerg-heuschnupfen-nasenspray.htm|product.stockStatus.available","stockStatus":"","stockStatusReason":"product.stockStatus.available","inStock":true,"pricePerUnit":"50,90 € / 100 ml","discountInPercent":49,"created":1445164529000,"lastChanged":1598568514000,"ratingsLink":"/produktbewertungen/704014/ratioallerg-heuschnupfen-nasenspray.htm","ean":"","RPMultiplier":1,"ribbonText":"","primaryCategory":["Die Online-Apotheke für Deutschland","Die Online-Apotheke für Deutschland/Arzneimittel & weitere Produkte ","Die Online-Apotheke für Deutschland/Arzneimittel & weitere Produkte /Allergie & Asthma","Die Online-Apotheke für Deutschland/Arzneimittel & weitere Produkte /Allergie & Asthma/Allergischer Schnupfen"],"topsellerCountBucket":10,"filterAttributes":[],"filterRating":0.06,"packSize":"10 ml","variants":[{"id":"00704014","text":"Zur Kurzzeitbehandlung von Heuschnupfen","webDetailPath":"arzneimittel/704014/ratioallerg-heuschnupfen-nasenspray.htm","stock":"product.stockStatus.available","active":true,"discount":"49","retailPrice":"509","listPrice":"1000","packSize":"10 ml","nowProductGroup":"sameday_nextday","attributes":["apothekenpflichtig","Arzneimittel"],"productName":"ratioAllerg® Heuschnupfen Nasenspray","pricePerUnit":"50,90 € / 100 ml","imageUrl":"https://cdn.shop-apotheke.com/images/ratioallerg-heuschnupfen-nasenspray-nasenspray-D00704014-p1.jpg","pharmaForm":"Nasenspray","ribbonText":"","RPMultiplier":"1"}],"master":true,"marketplace":true,"nowProductGroup":"sameday_nextday","notOnStockMessage":"","stockStatusColor":"green","categoryCodes":["csd00001","csd00010","csd00015","csd01434","csd02271","csd02272","root","catalogs","main","landingpages","csd02995","csd03290","csd03339","csd03987","csd03988","csd03340","csd03344","csd03939","brandshop","csd2123","csd2126"],"prices":{"listPrice":{"amount":10,"net":8.62,"currency":"EUR","info":{"index":1,"text":"AVP / UVP"}},"retailPrice":{"amount":5.09,"net":4.39,"currency":"EUR","info":{"index":1,"text":"AVP / UVP"}}},"calculatedRatingRanking":3.12,"objectID":"00704014","_highlightResult":{"activeSubstances":[{"value":"Beclometason dipropionat","matchLevel":"none","matchedWords":[]}]},"_rankingInfo":{"nbTypos":0,"firstMatchedWord":0,"proximityDistance":0,"userScore":333,"geoDistance":0,"geoPrecision":1,"nbExactWords":0,"words":1,"filters":1,"personalization":{"score":0,"rankingScore":0,"filtersScore":0,"textualRelevanceBucket":1,"initialPosition":267,"newPosition":267}}},{"brandCode":"csd2504","pzn":"07545731","productName":"KARSIVAN® 100 mg Vet","secondaryCategories":["Black Friday®","30% und mehr","Landingpages","Flash Deal","Landingpages","SHOP APOTHEKE NOW!","Landingpages","Mai Aktion","Landingpages","Mai Kracher"],"manufacturer":"MSD Tiergesundheit","pharmaForm":"Filmtabletten","brand":"Karsivan","brandIntern":"Karsivan® ","subBrandIntern":"","activeSubstances":["Propentofyllin"],"additiveSubstances":["Magnesium stearat","Hypromellose","Eisen(III)-oxidhydrat, schwarz","Crospovidon","Siliciumdioxid, hochdisperses","Maisstärke","Lactose-1-Wasser","Macrogol 8000","Titandioxid","Talkum"],"additiveSubstancesHtml":"<ul><li>Magnesium stearat</li><li>Hypromellose</li><li>Eisen(III)-oxidhydrat, schwarz</li><li>Crospovidon</li><li>Siliciumdioxid, hochdisperses</li><li>Maisstärke</li><li>Lactose-1-Wasser</li><li>Macrogol 8000</li><li>Titandioxid</li><li>Talkum</li></ul>","descriptionShort":"Durchblutungsstörungen im zerebralen und peripheren Bereich","keywords":[],"unit":"St","unitQuantityString":"60","masterID":"07545731","indicationRanges":["Veterinärpräparat"],"ratingCount":158,"averageRating":4.93,"attributes":["apothekenpflichtig","für Tiere","Arzneimittel"],"prescriptionMedicine":false,"price":3577,"listPrice":4492,"netRetailPrice":3084,"priceFormatted":"€ 35,77","listPriceFormatted":"€ 44,92","potency":"","ifap":"","image":"https://cdn.shop-apotheke.com/images/karsivan-100-mg-vet-filmtabletten-D07545731-p10.jpg","hasImage":true,"deeplink":"tiergesundheit/7545731/karsivan-100-mg-vet.htm","applicablePromotions":"","variantDetails":"07545731|07545731|20|60 St|3577|tiergesundheit/7545731/karsivan-100-mg-vet.htm|product.stockStatus.available","stockStatus":"","stockStatusReason":"product.stockStatus.available","inStock":true,"pricePerUnit":"","discountInPercent":20,"created":1445175324000,"lastChanged":1598602807000,"ratingsLink":"/produktbewertungen/7545731/karsivan-100-mg-vet.htm","ean":"8713184041937","RPMultiplier":1,"ribbonText":"","primaryCategory":["Die Online-Apotheke für Deutschland","Die Online-Apotheke für Deutschland/Tierapotheke","Die Online-Apotheke für Deutschland/Tierapotheke/Hunde","Die Online-Apotheke für Deutschland/Tierapotheke/Hunde/Herz & Kreislauf"],"topsellerCountBucket":10,"filterAttributes":["für Tiere"],"filterRating":0.07,"packSize":"60 St","variants":[{"id":"07545731","text":"Durchblutungsstörungen im zerebralen und peripheren Bereich","webDetailPath":"tiergesundheit/7545731/karsivan-100-mg-vet.htm","stock":"product.stockStatus.available","active":true,"discount":"20","retailPrice":"3577","listPrice":"4492","packSize":"60 St","nowProductGroup":"sameday_nextday","attributes":["apothekenpflichtig","für Tiere","Arzneimittel"],"productName":"KARSIVAN® 100 mg Vet","pricePerUnit":"","imageUrl":"https://cdn.shop-apotheke.com/images/karsivan-100-mg-vet-filmtabletten-D07545731-p10.jpg","pharmaForm":"Filmtabletten","ribbonText":"","RPMultiplier":"1"}],"master":true,"marketplace":true,"nowProductGroup":"sameday_nextday","notOnStockMessage":"","stockStatusColor":"green","categoryCodes":["csd00975","csd00980","csd00989","csd00001","csd01434","csd02271","csd02859","root","catalogs","main","landingpages","csd03339","csd03522","csd03995","csd03997"],"prices":{"listPrice":{"amount":44.92,"net":38.72,"currency":"EUR","info":{"index":1,"text":"AVP / UVP"}},"retailPrice":{"amount":35.77,"net":30.84,"currency":"EUR","info":{"index":1,"text":"AVP / UVP"}}},"calculatedRatingRanking":4.35,"objectID":"07545731","_highlightResult":{"activeSubstances":[{"value":"Propentofyllin","matchLevel":"none","matchedWords":[]}]},"_rankingInfo":{"nbTypos":0,"firstMatchedWord":0,"proximityDistance":0,"userScore":332,"geoDistance":0,"geoPrecision":1,"nbExactWords":0,"words":1,"filters":1,"personalization":{"score":0,"rankingScore":0,"filtersScore":0,"textualRelevanceBucket":1,"initialPosition":268,"newPosition":268}}},{"brandCode":"csd01747","pzn":"15396179","productName":"CLAVELLA® premium","secondaryCategories":["Landingpages","SHOP APOTHEKE NOW!"],"manufacturer":"Exeltis Germany GmbH","pharmaForm":"Beutel","brand":"Clavella","brandIntern":"CLAVELLA®","subBrandIntern":"","activeSubstances":["Folsäure","α-Lactalbumin","Inositol"],"additiveSubstances":[],"additiveSubstancesHtml":"","descriptionShort":"CLAVELLA® premium mit myo-Inositol, Folsäure und alpha-Lactalbumin unterstützt die Fruchtbarkeit bei Kinderwunsch","keywords":[],"unit":"g","unitQuantityString":"60X2,1","masterID":"14439225","indicationRanges":["Ohne Angabe einer Indikation, da Nichtarzneimittel"],"ratingCount":13,"averageRating":4.92,"attributes":["Lebensmittel","Nahrungsergänzungsmittel"],"prescriptionMedicine":false,"price":3580,"listPrice":4290,"netRetailPrice":3410,"priceFormatted":"€ 35,80","listPriceFormatted":"€ 42,90","potency":"","ifap":"","image":"https://cdn.shop-apotheke.com/images/clavella-premium-beutel-D15396179-p10.jpg","hasImage":true,"deeplink":"baby/15396179/clavella-premium.htm","applicablePromotions":"","variantDetails":"14439225|15396179|17|60X2,1 g|3580|baby/15396179/clavella-premium.htm|product.stockStatus.available","stockStatus":"","stockStatusReason":"product.stockStatus.available","inStock":true,"pricePerUnit":"28,41 € / 100 g","discountInPercent":17,"created":1562766445000,"lastChanged":1598572817000,"ratingsLink":"/produktbewertungen/15396179/clavella-premium.htm","ean":"","RPMultiplier":1,"ribbonText":"","primaryCategory":["Die Online-Apotheke für Deutschland","Die Online-Apotheke für Deutschland/Baby & Familie","Die Online-Apotheke für Deutschland/Baby & Familie/Schwangerschaft & Stillzeit","Die Online-Apotheke für Deutschland/Baby & Familie/Schwangerschaft & Stillzeit/Nahrungsergänzungsmittel"],"topsellerCountBucket":10,"filterAttributes":["Lebensmittel","Nahrungsergänzungsmittel"],"filterRating":0.08,"packSize":"60X2,1 g","variants":[{"id":"14439225","text":"CLAVELLA® premium mit myo-Inositol, Folsäure und alpha-Lactalbumin unterstützt die Fruchtbarkeit bei Kinderwunsch","webDetailPath":"baby/14439225/clavella-premium.htm","stock":"product.stockStatus.available","active":true,"discount":"19","retailPrice":"1863","listPrice":"2290","packSize":"30X2,1 g","nowProductGroup":"none","attributes":["Lebensmittel","Nahrungsergänzungsmittel"],"productName":"CLAVELLA® premium","pricePerUnit":"29,57 € / 100 g","imageUrl":"https://cdn.shop-apotheke.com/images/clavella-premium-beutel-D14439225-p10.jpg","pharmaForm":"Beutel","ribbonText":"","RPMultiplier":"1"},{"id":"15396179","text":"CLAVELLA® premium mit myo-Inositol, Folsäure und alpha-Lactalbumin unterstützt die Fruchtbarkeit bei Kinderwunsch","webDetailPath":"baby/15396179/clavella-premium.htm","stock":"product.stockStatus.available","active":false,"discount":"17","retailPrice":"3580","listPrice":"4290","packSize":"60X2,1 g","nowProductGroup":"sameday_nextday","attributes":["Lebensmittel","Nahrungsergänzungsmittel"],"productName":"CLAVELLA® premium","pricePerUnit":"28,41 € / 100 g","imageUrl":"https://cdn.shop-apotheke.com/images/clavella-premium-beutel-D15396179-p10.jpg","pharmaForm":"Beutel","ribbonText":"","RPMultiplier":"1"}],"master":false,"marketplace":false,"nowProductGroup":"sameday_nextday","notOnStockMessage":"","stockStatusColor":"green","categoryCodes":["csd00362","csd00391","csd00344","root","catalogs","main","landingpages","csd03339"],"prices":{"listPrice":{"amount":42.9,"net":40.86,"currency":"EUR","info":{"index":1,"text":"AVP / UVP"}},"retailPrice":{"amount":35.8,"net":34.1,"currency":"EUR","info":{"index":1,"text":"AVP / UVP"}}},"calculatedRatingRanking":3,"objectID":"15396179","_highlightResult":{"activeSubstances":[{"value":"Folsäure","matchLevel":"none","matchedWords":[]},{"value":"α-Lactalbumin","matchLevel":"none","matchedWords":[]},{"value":"Inositol","matchLevel":"none","matchedWords":[]}]},"_rankingInfo":{"nbTypos":0,"firstMatchedWord":0,"proximityDistance":0,"userScore":331,"geoDistance":0,"geoPrecision":1,"nbExactWords":0,"words":1,"filters":1,"personalization":{"score":0,"rankingScore":0,"filtersScore":0,"textualRelevanceBucket":1,"initialPosition":269,"newPosition":269}}},{"brandCode":"csd01628","pzn":"10544066","productName":"ASS STADA® 100 mg magensaftresistente Tabletten","secondaryCategories":["Herz, Kreislauf & Gefäße","Blutverdünnung","Healthy Deals","Healthy Deals Reiseapotheke","Landingpages","Healthy Deals App-Angebote"],"manufacturer":"STADA Consumer Health Deutschland GmbH","pharmaForm":"Tabletten magensaftresistent","brand":"ASS 100","brandIntern":"STADA","subBrandIntern":"ASS STADA®","activeSubstances":["Acetylsalicylsäure"],"additiveSubstances":["Triethylcitrat","Methacrylsäure-Ethylacrylat Copolymer (1:1)","Siliciumdioxid, hochdisperses","Cellulose, mikrokristalline","Stearinsäure (pflanzlich)","Natriumdodecylsulfat","Maisstärke","Polysorbat 80","Talkum"],"additiveSubstancesHtml":"<ul><li>Triethylcitrat</li><li>Methacrylsäure-Ethylacrylat Copolymer (1:1)</li><li>Siliciumdioxid, hochdisperses</li><li>Cellulose, mikrokristalline</li><li>Stearinsäure (pflanzlich)</li><li>Natriumdodecylsulfat</li><li>Maisstärke</li><li>Polysorbat 80</li><li>Talkum</li></ul>","descriptionShort":"Zur Vermeidung von Blutgerinnseln","keywords":[],"unit":"St","unitQuantityString":"100","masterID":"10544043","indicationRanges":["Blut und Blutbildung beeinflussende Pharmaka","Thrombozytenfunktionshemmer","Salicylate"],"ratingCount":48,"averageRating":4.92,"attributes":["apothekenpflichtig","Arzneimittel"],"prescriptionMedicine":false,"price":266,"listPrice":408,"netRetailPrice":229,"priceFormatted":"€ 2,66","listPriceFormatted":"€ 4,08","potency":"","ifap":"Das Arzneimittel enthält Acetylsalicylsäure, die in geringer Dosierung zu einer Gruppe von Medikamenten gehört, die Thrombozytenaggregationshemmer genannt werden. Thrombozyten sind winzige Zellen im Blut, die das Blut zum Gerinnen bringen und zu Thrombosen führen können. Das Auftreten eines Blutgerinnsels in einer Arterie stoppt den Blutfluss und schneidet die Sauerstoffzufuhr ab. Wenn dies im Herzen passiert,kann es zu einem Herzinfarkt oder einer Angina Pectoris (Schmerzen im Brustbereich) kommen; im Gehirn kann es zu einem Schlaganfall führen. Das Arzneimittel wird angewendet,um das Risiko der Entstehung von Blutgerinnseln zu verringern und folgenden Erkrankungen vorzubeugen:Herzinfarkt Schlaganfall Probleme des Herz-Kreislauf-Systems bei Patienten mit stabiler oder instabiler Angina Pectoris (Schmerzen im Brustbereich). Das Arzneimittel wird ebenfalls angewendet,um der Entstehung von Blutgerinnseln nach bestimmten Arten von herzchirurgischen Eingriffen zur Erweiterung oder zum Offenhalten der Blutgefäße vorzubeugen. Dieses Arzneimittel eignet sich nicht für Notfallsituationen. Es kann nur zur Vorbeugung eingenommen werden.","image":"https://cdn.shop-apotheke.com/images/ass-stada-100-mg-magensaftresistente-tabletten-tabletten-magensaftresistent-D10544066-p1.jpg","hasImage":true,"deeplink":"arzneimittel/10544066/ass-stada-100-mg-magensaftresistente-tabletten.htm","applicablePromotions":"","variantDetails":"10544043|10544066|35|100 St|266|arzneimittel/10544066/ass-stada-100-mg-magensaftresistente-tabletten.htm|product.stockStatus.available","stockStatus":"","stockStatusReason":"product.stockStatus.available","inStock":true,"pricePerUnit":"","discountInPercent":35,"created":1445170835000,"lastChanged":1598571786000,"ratingsLink":"/produktbewertungen/10544066/ass-stada-100-mg-magensaftresistente-tabletten.htm","ean":"4150105440662","RPMultiplier":1,"ribbonText":"","primaryCategory":["Die Online-Apotheke für Deutschland","Die Online-Apotheke für Deutschland/Arzneimittel & weitere Produkte ","Die Online-Apotheke für Deutschland/Arzneimittel & weitere Produkte /Herz, Kreislauf & Gefäße","Die Online-Apotheke für Deutschland/Arzneimittel & weitere Produkte /Herz, Kreislauf & Gefäße/Arterienverkalkung"],"topsellerCountBucket":10,"filterAttributes":[],"filterRating":0.08,"packSize":"100 St","variants":[{"id":"10544043","text":"Zur Vermeidung von Blutgerinnseln","webDetailPath":"arzneimittel/10544043/ass-stada-100-mg-magensaftresistente-tabletten.htm","stock":"product.stockStatus.available","active":true,"discount":"29","retailPrice":"219","listPrice":"309","packSize":"50 St","nowProductGroup":"sameday_nextday","attributes":["apothekenpflichtig","Arzneimittel"],"productName":"ASS STADA® 100 mg magensaftresistente Tabletten","pricePerUnit":"","imageUrl":"https://cdn.shop-apotheke.com/images/ass-stada-100-mg-magensaftresistente-tabletten-tabletten-magensaftresistent-D10544043-p10.jpg","pharmaForm":"Tabletten magensaftresistent","ribbonText":"","RPMultiplier":"1"},{"id":"10544066","text":"Zur Vermeidung von Blutgerinnseln","webDetailPath":"arzneimittel/10544066/ass-stada-100-mg-magensaftresistente-tabletten.htm","stock":"product.stockStatus.available","active":false,"discount":"35","retailPrice":"266","listPrice":"408","packSize":"100 St","nowProductGroup":"sameday_nextday","attributes":["apothekenpflichtig","Arzneimittel"],"productName":"ASS STADA® 100 mg magensaftresistente Tabletten","pricePerUnit":"","imageUrl":"https://cdn.shop-apotheke.com/images/ass-stada-100-mg-magensaftresistente-tabletten-tabletten-magensaftresistent-D10544066-p1.jpg","pharmaForm":"Tabletten magensaftresistent","ribbonText":"","RPMultiplier":"1"}],"master":false,"marketplace":false,"nowProductGroup":"sameday_nextday","notOnStockMessage":"","stockStatusColor":"green","categoryCodes":["csd00001","csd00175","csd00176","csd00179","root","catalogs","main","landingpages","csd03461","csd01434","csd02968","csd03569"],"prices":{"listPrice":{"amount":4.08,"net":3.52,"currency":"EUR","info":{"index":1,"text":"AVP / UVP"}},"retailPrice":{"amount":2.66,"net":2.29,"currency":"EUR","info":{"index":1,"text":"AVP / UVP"}}},"calculatedRatingRanking":3.69,"objectID":"10544066","_highlightResult":{"activeSubstances":[{"value":"<ais-highlight-0000000000>A</ais-highlight-0000000000>cetylsalicylsäure","matchLevel":"full","fullyHighlighted":false,"matchedWords":["a"]}]},"_rankingInfo":{"nbTypos":0,"firstMatchedWord":0,"proximityDistance":0,"userScore":330,"geoDistance":0,"geoPrecision":1,"nbExactWords":0,"words":1,"filters":1,"personalization":{"score":0,"rankingScore":0,"filtersScore":0,"textualRelevanceBucket":1,"initialPosition":270,"newPosition":270}}},{"brandCode":"csd03720","pzn":"03435448","productName":"ASS + C-ratiopharm® Brausetabletten gegen Schmerzen","secondaryCategories":["ratiopharm","Schmerzen","Ratgeber","Fieberschmerz","Schmerzen","Zahnschmerzen","Black Friday®","50% und mehr","Black Friday®","Erkältungs-Produkte","Erkältung & Grippe","Fiebersenkende Schmerzmittel","Kopfschmerzen","Kombinationen mit Vitaminen"],"manufacturer":"ratiopharm GmbH","pharmaForm":"Brausetabletten","brand":"ratiopharm Ass + C","brandIntern":"ratiopharm","subBrandIntern":"ASS + C-ratiopharm®","activeSubstances":["Acetylsalicylsäure","Ascorbinsäure"],"additiveSubstances":["Zitronen-Aroma","Saccharin natrium","Povidon K25","Natriumhydrogencarbonat","Citronensäure","Adipinsäure","Natrium dihydrogencitrat"],"additiveSubstancesHtml":"<ul><li>Zitronen-Aroma</li><li>Saccharin natrium</li><li>Povidon K25</li><li>Natriumhydrogencarbonat</li><li>Citronensäure</li><li>Adipinsäure</li><li>Natrium dihydrogencitrat</li></ul>","descriptionShort":"Schmerzstillendes, fiebersenkendes Arzneimittel","keywords":[],"unit":"St","unitQuantityString":"20","masterID":"03429991","indicationRanges":["Analgetika/ Antipyretika","Antipyretisch wirkende Analgetika","Kombinationen mit Vitaminen"],"ratingCount":50,"averageRating":4.92,"attributes":["apothekenpflichtig","Arzneimittel"],"prescriptionMedicine":false,"price":551,"listPrice":936,"netRetailPrice":475,"priceFormatted":"€ 5,51","listPriceFormatted":"€ 9,36","potency":"","ifap":"Das Arzneimittel ist ein schmerzstillendes, fiebersenkendes Arzneimittel. Das Arzneimittel wird angewendet beileichten bis mäßig starken Schmerzen (wie Kopfschmerzen, Zahnschmerzen, Regelschmerzen, schmerzhaften Beschwerden, die im Rahmen von Erkältungskrankheiten auftreten) Fieber Bitte beachten Sie die Angaben für Kinder.","image":"https://cdn.shop-apotheke.com/images/ass-c-ratiopharm-brausetabletten-gegen-schmerzen-brausetabletten-D03435448-p1.jpg","hasImage":true,"deeplink":"arzneimittel/3435448/ass-c-ratiopharm-brausetabletten-gegen-schmerzen.htm","applicablePromotions":"","variantDetails":"03429991|03435448|41|20 St|551|arzneimittel/3435448/ass-c-ratiopharm-brausetabletten-gegen-schmerzen.htm|product.stockStatus.available","stockStatus":"","stockStatusReason":"product.stockStatus.available","inStock":true,"pricePerUnit":"","discountInPercent":41,"created":1445165121000,"lastChanged":1598569509000,"ratingsLink":"/produktbewertungen/3435448/ass-c-ratiopharm-brausetabletten-gegen-schmerzen.htm","ean":"","RPMultiplier":1,"ribbonText":"","primaryCategory":["Die Online-Apotheke für Deutschland","Die Online-Apotheke für Deutschland/Arzneimittel & weitere Produkte ","Die Online-Apotheke für Deutschland/Arzneimittel & weitere Produkte /Schmerzen","Die Online-Apotheke für Deutschland/Arzneimittel & weitere Produkte /Schmerzen/Fiebersenkende Schmerzmittel"],"topsellerCountBucket":10,"filterAttributes":[],"filterRating":0.08,"packSize":"20 St","variants":[{"id":"03429991","text":"Schmerzstillendes, fiebersenkendes Arzneimittel","webDetailPath":"arzneimittel/3429991/ass-c-ratiopharm-brausetabletten-gegen-schmerzen.htm","stock":"product.stockStatus.available","active":true,"discount":"44","retailPrice":"329","listPrice":"590","packSize":"10 St","nowProductGroup":"sameday_nextday","attributes":["apothekenpflichtig","Arzneimittel"],"productName":"ASS + C-ratiopharm® Brausetabletten gegen Schmerzen","pricePerUnit":"","imageUrl":"https://cdn.shop-apotheke.com/images/ass-c-ratiopharm-brausetabletten-gegen-schmerzen-brausetabletten-D03429991-p1.jpg","pharmaForm":"Brausetabletten","ribbonText":"","RPMultiplier":"1"},{"id":"03435448","text":"Schmerzstillendes, fiebersenkendes Arzneimittel","webDetailPath":"arzneimittel/3435448/ass-c-ratiopharm-brausetabletten-gegen-schmerzen.htm","stock":"product.stockStatus.available","active":false,"discount":"41","retailPrice":"551","listPrice":"936","packSize":"20 St","nowProductGroup":"sameday_nextday","attributes":["apothekenpflichtig","Arzneimittel"],"productName":"ASS + C-ratiopharm® Brausetabletten gegen Schmerzen","pricePerUnit":"","imageUrl":"https://cdn.shop-apotheke.com/images/ass-c-ratiopharm-brausetabletten-gegen-schmerzen-brausetabletten-D03435448-p1.jpg","pharmaForm":"Brausetabletten","ribbonText":"","RPMultiplier":"1"}],"master":false,"marketplace":false,"nowProductGroup":"sameday_nextday","notOnStockMessage":"","stockStatusColor":"green","categoryCodes":["csd00001","csd00269","csd00275","csd00282","csd00061","csd01059","root","catalogs","main","themeshop","csd01140","csd02394","csd02399","csd01434","csd02271","csd02860","csd02862","brandshop","csd2123","csd2144"],"prices":{"listPrice":{"amount":9.36,"net":8.07,"currency":"EUR","info":{"index":1,"text":"AVP / UVP"}},"retailPrice":{"amount":5.51,"net":4.75,"currency":"EUR","info":{"index":1,"text":"AVP / UVP"}}},"calculatedRatingRanking":3.71,"objectID":"03435448","_highlightResult":{"activeSubstances":[{"value":"<ais-highlight-0000000000>A</ais-highlight-0000000000>cetylsalicylsäure","matchLevel":"full","fullyHighlighted":false,"matchedWords":["a"]},{"value":"<ais-highlight-0000000000>A</ais-highlight-0000000000>scorbinsäure","matchLevel":"full","fullyHighlighted":false,"matchedWords":["a"]}]},"_rankingInfo":{"nbTypos":0,"firstMatchedWord":0,"proximityDistance":0,"userScore":329,"geoDistance":0,"geoPrecision":1,"nbExactWords":0,"words":1,"filters":1,"personalization":{"score":0,"rankingScore":0,"filtersScore":0,"textualRelevanceBucket":1,"initialPosition":271,"newPosition":271}}},{"brandCode":"csd03698","pzn":"15577596","productName":"ratiopharm® ASS-ratiopharm® PROTECT 100 mg","secondaryCategories":["Landingpages","SHOP APOTHEKE NOW!"],"manufacturer":"ratiopharm GmbH","pharmaForm":"Tabletten magensaftresistent","brand":"ratiopharm","brandIntern":"","subBrandIntern":"","activeSubstances":["Acetylsalicylsäure"],"additiveSubstances":["Siliciumdioxid, hochdisperses","Cellulose, mikrokristalline","Methacrylsäure-Ethylacrylat-Copolymer (1:1) Dispersion 30%","Triacetin","Kartoffelstärke","Lactose-1-Wasser","Talkum"],"additiveSubstancesHtml":"<ul><li>Siliciumdioxid, hochdisperses</li><li>Cellulose, mikrokristalline</li><li>Methacrylsäure-Ethylacrylat-Copolymer (1:1) Dispersion 30%</li><li>Triacetin</li><li>Kartoffelstärke</li><li>Lactose-1-Wasser</li><li>Talkum</li></ul>","descriptionShort":"Zur Anwendung für die Thrombose- und Embolieprophylaxe","keywords":[],"unit":"St","unitQuantityString":"100","masterID":"15577567","indicationRanges":["Blut und Blutbildung beeinflussende Pharmaka","Thrombozytenfunktionshemmer","Salicylate"],"ratingCount":23,"averageRating":4.91,"attributes":["apothekenpflichtig","Arzneimittel"],"prescriptionMedicine":false,"price":417,"listPrice":448,"netRetailPrice":359,"priceFormatted":"€ 4,17","listPriceFormatted":"€ 4,48","potency":"","ifap":"Das Arzneimittel hemmt u. a. das Zusammenhaften und Verklumpen von Blutplättchen (Thrombozyten) und beugt dadurch der Entstehung von Blutgerinnseln (Thromben) vor (Thrombozytenaggregationshemmung). Das Arzneimittel wird angewendetbei instabiler Angina pectoris (Herzschmerzen aufgrund von Durchblutungsstörungen in den Herzkranzgefäßen) - als Teil der Standardtherapie bei akutem Herzinfarkt - als Teil der Standardtherapie zur Vorbeugung eines weiteren Herzinfarktes nach erstem Herzinfarkt (zur Reinfarktprophylaxe) nach Operationen oder anderen Eingriffen an arteriellen Blutgefäßen (nach arteriellen gefäßchirurgischen oder interventionellen Eingriffen, z.B. nach aortokoronarem Venen-Bypass [ACVB], bei perkutaner transluminaler koronarer Angioplastie [PTCA]). zur Vorbeugung von vorübergehender Mangeldurchblutung im Gehirn (TIA: transitorischen ischämischen Attacken) und Hirninfarkten, nachdem Vorläuferstadien (z.B. vorübergehende Lähmungserscheinungen im Gesicht oder der Armmuskulatur oder vorübergehender Sehverlust) aufgetreten sind. Hinweis: Das Präparat eignet sich nicht zur Behandlung von Schmerzzuständen.Wenn Sie sich nicht besser oder gar schlechter fühlen, wenden Sie sich an Ihren Arzt.","image":"https://cdn.shop-apotheke.com/images/ratiopharm-ass-ratiopharm-protect-100-mg-tabletten-magensaftresistent-D15577596-p1.jpg","hasImage":true,"deeplink":"arzneimittel/15577596/ratiopharm-ass-ratiopharm-protect-100-mg.htm","applicablePromotions":"","variantDetails":"15577567|15577596|7|100 St|417|arzneimittel/15577596/ratiopharm-ass-ratiopharm-protect-100-mg.htm|product.stockStatus.available","stockStatus":"","stockStatusReason":"product.stockStatus.available","inStock":true,"pricePerUnit":"","discountInPercent":7,"created":1574149583000,"lastChanged":1598572843000,"ratingsLink":"/produktbewertungen/15577596/ratiopharm-ass-ratiopharm-protect-100-mg.htm","ean":"","RPMultiplier":1,"ribbonText":"","primaryCategory":["Die Online-Apotheke für Deutschland","Die Online-Apotheke für Deutschland/Arzneimittel & weitere Produkte ","Die Online-Apotheke für Deutschland/Arzneimittel & weitere Produkte /Herz, Kreislauf & Gefäße","Die Online-Apotheke für Deutschland/Arzneimittel & weitere Produkte /Herz, Kreislauf & Gefäße/Blutverdünnung"],"topsellerCountBucket":10,"filterAttributes":[],"filterRating":0.09,"packSize":"100 St","variants":[{"id":"15577567","text":"Thormbozytenaggregationshemmer","webDetailPath":"arzneimittel/15577567/ass-ratiopharm-protect-100-mg-magensaftresistente-tabletten.htm","stock":"product.stockStatus.available","active":true,"discount":"23","retailPrice":"232","listPrice":"300","packSize":"50 St","nowProductGroup":"sameday_nextday","attributes":["apothekenpflichtig","Arzneimittel"],"productName":"ASS-ratiopharm® PROTECT 100 mg magensaftresistente Tabletten","pricePerUnit":"","imageUrl":"https://cdn.shop-apotheke.com/images/ass-ratiopharm-protect-100-mg-magensaftresistente-tabletten-tabletten-magensaftresistent-D15577567-p1.jpg","pharmaForm":"Tabletten magensaftresistent","ribbonText":"","RPMultiplier":"1"},{"id":"15577596","text":"Zur Anwendung für die Thrombose- und Embolieprophylaxe","webDetailPath":"arzneimittel/15577596/ratiopharm-ass-ratiopharm-protect-100-mg.htm","stock":"product.stockStatus.available","active":false,"discount":"7","retailPrice":"417","listPrice":"448","packSize":"100 St","nowProductGroup":"none","attributes":["apothekenpflichtig","Arzneimittel"],"productName":"ratiopharm® ASS-ratiopharm® PROTECT 100 mg","pricePerUnit":"","imageUrl":"https://cdn.shop-apotheke.com/images/ratiopharm-ass-ratiopharm-protect-100-mg-tabletten-magensaftresistent-D15577596-p1.jpg","pharmaForm":"Tabletten magensaftresistent","ribbonText":"","RPMultiplier":"1"}],"master":false,"marketplace":true,"nowProductGroup":"none","notOnStockMessage":"","stockStatusColor":"green","categoryCodes":["csd00001","csd00175","csd00179","root","catalogs","main","landingpages","csd03339"],"prices":{"listPrice":{"amount":4.48,"net":3.86,"currency":"EUR","info":{"index":1,"text":"AVP / UVP"}},"retailPrice":{"amount":4.17,"net":3.59,"currency":"EUR","info":{"index":1,"text":"AVP / UVP"}}},"calculatedRatingRanking":3.26,"objectID":"15577596","_highlightResult":{"activeSubstances":[{"value":"<ais-highlight-0000000000>A</ais-highlight-0000000000>cetylsalicylsäure","matchLevel":"full","fullyHighlighted":false,"matchedWords":["a"]}]},"_rankingInfo":{"nbTypos":0,"firstMatchedWord":0,"proximityDistance":0,"userScore":328,"geoDistance":0,"geoPrecision":1,"nbExactWords":0,"words":1,"filters":1,"personalization":{"score":0,"rankingScore":0,"filtersScore":0,"textualRelevanceBucket":1,"initialPosition":272,"newPosition":272}}},{"brandCode":"csd2947","pzn":"14420088","productName":"Hansaplast Wundspray zur antiseptischen Wundreinigung durch mechanische Spülung","secondaryCategories":["Landingpages","SHOP APOTHEKE NOW!"],"manufacturer":"Beiersdorf AG","pharmaForm":"Spray","brand":"Hansaplast","brandIntern":"Hansaplast","subBrandIntern":"","activeSubstances":["Polihexanid"],"additiveSubstances":["Decyl glucosid","Natriumchlorid-Lösung, zusammengesetzte"],"additiveSubstancesHtml":"<ul><li>Decyl glucosid</li><li>Natriumchlorid-Lösung, zusammengesetzte</li></ul>","descriptionShort":"Zur antiseptischen Wundreinigung durch mechanische Spülung","keywords":[],"unit":"ml","unitQuantityString":"250","masterID":"13860879","indicationRanges":["Dermatotherapeutika","Therapie von infizierten und nicht infizierten Hautläsionen","Sonstige antibakteriell bzw. antiseptisch wirkende Präparate"],"ratingCount":11,"averageRating":4.91,"attributes":[],"prescriptionMedicine":false,"price":947,"listPrice":0,"netRetailPrice":816,"priceFormatted":"€ 9,47","listPriceFormatted":"","potency":"","ifap":"","image":"https://cdn.shop-apotheke.com/images/hansaplast-wundspray-zur-antiseptischen-wundreinigung-durch-mechanische-spuelung-spray-D14420088-p1.jpg","hasImage":true,"deeplink":"arzneimittel/14420088/hansaplast-wundspray-zur-antiseptischen-wundreinigung-durch-mechanische-spuelung.htm","applicablePromotions":"","variantDetails":"13860879|14420088|0|250 ml|947|arzneimittel/14420088/hansaplast-wundspray-zur-antiseptischen-wundreinigung-durch-mechanische-spuelung.htm|product.stockStatus.available","stockStatus":"","stockStatusReason":"product.stockStatus.available","inStock":true,"pricePerUnit":"3,79 € / 100 ml","discountInPercent":0,"created":1562149030000,"lastChanged":1598602023000,"ratingsLink":"/produktbewertungen/14420088/hansaplast-wundspray-zur-antiseptischen-wundreinigung-durch-mechanische-spuelung.htm","ean":"4005800249693","RPMultiplier":1,"ribbonText":"","primaryCategory":["Die Online-Apotheke für Deutschland","Die Online-Apotheke für Deutschland/Arzneimittel & weitere Produkte ","Die Online-Apotheke für Deutschland/Arzneimittel & weitere Produkte /Haus- & Reiseapotheke","Die Online-Apotheke für Deutschland/Arzneimittel & weitere Produkte /Haus- & Reiseapotheke/Hausapotheke","Die Online-Apotheke für Deutschland/Arzneimittel & weitere Produkte /Haus- & Reiseapotheke/Hausapotheke/Wundheilung"],"topsellerCountBucket":10,"filterAttributes":[],"filterRating":0.09,"packSize":"250 ml","variants":[{"id":"13860879","text":"Zur antiseptischen Wundreinigung durch mechanische Spülung","webDetailPath":"arzneimittel/13860879/hansaplast-wundspray-zur-antiseptischen-wundreinigung-durch-mechanische-spuelung.htm","stock":"product.stockStatus.available","active":true,"discount":"14","retailPrice":"428","listPrice":"495","packSize":"50 ml","nowProductGroup":"sameday_nextday","attributes":[],"productName":"Hansaplast Wundspray zur antiseptischen Wundreinigung durch mechanische Spülung","pricePerUnit":"8,56 € / 100 ml","imageUrl":"https://cdn.shop-apotheke.com/images/hansaplast-wundspray-zur-antiseptischen-wundreinigung-durch-mechanische-spuelung-spray-D13860879-p1.jpg","pharmaForm":"Spray","ribbonText":"","RPMultiplier":"1"},{"id":"14420088","text":"Zur antiseptischen Wundreinigung durch mechanische Spülung","webDetailPath":"arzneimittel/14420088/hansaplast-wundspray-zur-antiseptischen-wundreinigung-durch-mechanische-spuelung.htm","stock":"product.stockStatus.available","active":false,"discount":"0","retailPrice":"947","listPrice":"0","packSize":"250 ml","nowProductGroup":"nextday","attributes":[],"productName":"Hansaplast Wundspray zur antiseptischen Wundreinigung durch mechanische Spülung","pricePerUnit":"3,79 € / 100 ml","imageUrl":"https://cdn.shop-apotheke.com/images/hansaplast-wundspray-zur-antiseptischen-wundreinigung-durch-mechanische-spuelung-spray-D14420088-p1.jpg","pharmaForm":"Spray","ribbonText":"","RPMultiplier":"1"}],"master":false,"marketplace":false,"nowProductGroup":"nextday","notOnStockMessage":"","stockStatusColor":"green","categoryCodes":["csd00001","csd00077","csd02753","csd00141","root","catalogs","main","landingpages","csd03339"],"prices":{"listPrice":null,"retailPrice":{"amount":9.47,"net":8.16,"currency":"EUR","info":{"index":1,"text":"AVP / UVP"}}},"calculatedRatingRanking":2.93,"objectID":"14420088","_highlightResult":{"activeSubstances":[{"value":"Polihexanid","matchLevel":"none","matchedWords":[]}]},"_rankingInfo":{"nbTypos":0,"firstMatchedWord":0,"proximityDistance":0,"userScore":327,"geoDistance":0,"geoPrecision":1,"nbExactWords":0,"words":1,"filters":1,"personalization":{"score":0,"rankingScore":0,"filtersScore":0,"textualRelevanceBucket":1,"initialPosition":273,"newPosition":273}}},{"brandCode":"csd2948","pzn":"07347244","productName":"Hansaplast Classic 2 m x 6 cm","secondaryCategories":["Pflaster","Die Klassiker","Landingpages","Weltgesundheitstag: Hausapotheke","Landingpages","100 Topseller"],"manufacturer":"Beiersdorf AG","pharmaForm":"Pflaster","brand":"Hansaplast Classic","brandIntern":"Hansaplast","subBrandIntern":"Classic","activeSubstances":[],"additiveSubstances":[],"additiveSubstancesHtml":"","descriptionShort":"Zur sicheren Versorgungen von Hautverletzungen wie Schnitt- und Schürfwunden","keywords":["pflaster"],"unit":"St","unitQuantityString":"20","masterID":"07347244","indicationRanges":[],"ratingCount":32,"averageRating":4.91,"attributes":[],"prescriptionMedicine":false,"price":483,"listPrice":495,"netRetailPrice":416,"priceFormatted":"€ 4,83","listPriceFormatted":"€ 4,95","potency":"","ifap":"","image":"https://cdn.shop-apotheke.com/images/hansaplast-classic-2-m-x-6-cm-pflaster-D07347244-p1.jpg","hasImage":true,"deeplink":"arzneimittel/7347244/hansaplast-classic-2-m-x-6-cm.htm","applicablePromotions":"","variantDetails":"07347244|07347244|2|20 St|483|arzneimittel/7347244/hansaplast-classic-2-m-x-6-cm.htm|product.stockStatus.available","stockStatus":"","stockStatusReason":"product.stockStatus.available","inStock":true,"pricePerUnit":"","discountInPercent":2,"created":1445166032000,"lastChanged":1598579046000,"ratingsLink":"/produktbewertungen/7347244/hansaplast-classic-2-m-x-6-cm.htm","ean":"40058054","RPMultiplier":1,"ribbonText":"","primaryCategory":["Die Online-Apotheke für Deutschland","Die Online-Apotheke für Deutschland/Arzneimittel & weitere Produkte ","Die Online-Apotheke für Deutschland/Arzneimittel & weitere Produkte /Haus- & Reiseapotheke","Die Online-Apotheke für Deutschland/Arzneimittel & weitere Produkte /Haus- & Reiseapotheke/Erste Hilfe & Verbandmittel","Die Online-Apotheke für Deutschland/Arzneimittel & weitere Produkte /Haus- & Reiseapotheke/Erste Hilfe & Verbandmittel/Wundversorgung","Die Online-Apotheke für Deutschland/Arzneimittel & weitere Produkte /Haus- & Reiseapotheke/Erste Hilfe & Verbandmittel/Wundversorgung/Pflaster","Die Online-Apotheke für Deutschland/Arzneimittel & weitere Produkte /Haus- & Reiseapotheke/Erste Hilfe & Verbandmittel/Wundversorgung/Pflaster/normale Haut"],"topsellerCountBucket":10,"filterAttributes":[],"filterRating":0.09,"packSize":"20 St","variants":[{"id":"07347244","text":"Zur sicheren Versorgungen von Hautverletzungen wie Schnitt- und Schürfwunden","webDetailPath":"arzneimittel/7347244/hansaplast-classic-2-m-x-6-cm.htm","stock":"product.stockStatus.available","active":true,"discount":"2","retailPrice":"483","listPrice":"495","packSize":"20 St","nowProductGroup":"sameday_nextday","attributes":[],"productName":"Hansaplast Classic 2 m x 6 cm","pricePerUnit":"","imageUrl":"https://cdn.shop-apotheke.com/images/hansaplast-classic-2-m-x-6-cm-pflaster-D07347244-p1.jpg","pharmaForm":"Pflaster","ribbonText":"","RPMultiplier":"1"}],"master":true,"marketplace":false,"nowProductGroup":"sameday_nextday","notOnStockMessage":"","stockStatusColor":"green","categoryCodes":["csd00001","csd00077","csd00078","csd00094","csd00102","csd00105","root","catalogs","main","landingpages","csd03344","csd03939","brandshop","csd1825","csd1827","csd1828"],"prices":{"listPrice":{"amount":4.95,"net":4.27,"currency":"EUR","info":{"index":1,"text":"AVP / UVP"}},"retailPrice":{"amount":4.83,"net":4.16,"currency":"EUR","info":{"index":1,"text":"AVP / UVP"}}},"calculatedRatingRanking":3.44,"objectID":"07347244","_rankingInfo":{"nbTypos":0,"firstMatchedWord":0,"proximityDistance":0,"userScore":326,"geoDistance":0,"geoPrecision":1,"nbExactWords":0,"words":1,"filters":1,"personalization":{"score":0,"rankingScore":0,"filtersScore":0,"textualRelevanceBucket":1,"initialPosition":274,"newPosition":274}}},{"brandCode":"csd01629","pzn":"03416422","productName":"ASS-ratiopharm® 500 mg Tabletten","secondaryCategories":["ratiopharm","Schmerzen","Ratgeber","Fieberschmerz","Black Friday®","40% und mehr","Landingpages","NOW! Schmerzen","Landingpages","NOW! Reiseapotheke","Black Friday®","Erkältungs-Produkte","Erkältung & Grippe","Fiebersenkende Schmerzmittel","Kopfschmerzen","ASS & Aspirin","Landingpages","SHOP APOTHEKE NOW!"],"manufacturer":"ratiopharm GmbH","pharmaForm":"Tabletten","brand":"ASS 500","brandIntern":"ratiopharm","subBrandIntern":"ASS-ratiopharm®","activeSubstances":["Acetylsalicylsäure"],"additiveSubstances":["Cellulosepulver","Maisstärke"],"additiveSubstancesHtml":"<ul><li>Cellulosepulver</li><li>Maisstärke</li></ul>","descriptionShort":"Bei leichten bis mäßig starken Schmerzen und Fieber","keywords":[],"unit":"St","unitQuantityString":"100","masterID":"03403885","indicationRanges":["Analgetika/ Antipyretika","Antipyretisch wirkende Analgetika","Salicylsäure-Derivate (Monopräparate)"],"ratingCount":43,"averageRating":4.91,"attributes":["apothekenpflichtig","Arzneimittel"],"prescriptionMedicine":false,"price":585,"listPrice":945,"netRetailPrice":504,"priceFormatted":"€ 5,85","listPriceFormatted":"€ 9,45","potency":"","ifap":"Das Arzneimittel ist ein schmerzstillendes, fiebersenkendes und entzündungshemmendes Arzneimittel (nichtsteroidales Antiphlogistikum/Analgetikum). Das Präparat wird angewendet beileichten bis mäßig starken Schmerzen Fieber. Bitte beachten Sie die Angaben für Kinder und Jugendliche.","image":"https://cdn.shop-apotheke.com/images/ass-ratiopharm-500-mg-tabletten-tabletten-D03416422-p1.jpg","hasImage":true,"deeplink":"arzneimittel/3416422/ass-ratiopharm-500-mg-tabletten.htm","applicablePromotions":"","variantDetails":"03403885|03416422|38|100 St|585|arzneimittel/3416422/ass-ratiopharm-500-mg-tabletten.htm|product.stockStatus.available","stockStatus":"","stockStatusReason":"product.stockStatus.available","inStock":true,"pricePerUnit":"","discountInPercent":38,"created":1445167204000,"lastChanged":1598569502000,"ratingsLink":"/produktbewertungen/3416422/ass-ratiopharm-500-mg-tabletten.htm","ean":"","RPMultiplier":1,"ribbonText":"","primaryCategory":["Die Online-Apotheke für Deutschland","Die Online-Apotheke für Deutschland/Arzneimittel & weitere Produkte ","Die Online-Apotheke für Deutschland/Arzneimittel & weitere Produkte /Schmerzen","Die Online-Apotheke für Deutschland/Arzneimittel & weitere Produkte /Schmerzen/Fiebersenkende Schmerzmittel"],"topsellerCountBucket":10,"filterAttributes":[],"filterRating":0.09,"packSize":"100 St","variants":[{"id":"03403885","text":"Schmerzstillendes und fiebersenkendes Arzneimittel","webDetailPath":"arzneimittel/3403885/ass-ratiopharm-500-mg-tabletten.htm","stock":"product.stockStatus.available","active":true,"discount":"38","retailPrice":"301","listPrice":"483","packSize":"30 St","nowProductGroup":"sameday_nextday","attributes":["apothekenpflichtig","Arzneimittel"],"productName":"ASS-ratiopharm® 500 mg Tabletten","pricePerUnit":"","imageUrl":"https://cdn.shop-apotheke.com/images/ass-ratiopharm-500-mg-tabletten-tabletten-D03403885-p1.jpg","pharmaForm":"Tabletten","ribbonText":"","RPMultiplier":"1"},{"id":"03404867","text":"Bei leichten bis mäßig starken Schmerzen und Fieber","webDetailPath":"arzneimittel/3404867/ass-ratiopharm-500-mg-tabletten.htm","stock":"product.stockStatus.available","active":false,"discount":"38","retailPrice":"381","listPrice":"616","packSize":"50 St","nowProductGroup":"sameday_nextday","attributes":["apothekenpflichtig","Arzneimittel"],"productName":"ASS-ratiopharm® 500 mg Tabletten","pricePerUnit":"","imageUrl":"https://cdn.shop-apotheke.com/images/ass-ratiopharm-500-mg-tabletten-tabletten-D03404867-p1.jpg","pharmaForm":"Tabletten","ribbonText":"","RPMultiplier":"1"},{"id":"03416422","text":"Bei leichten bis mäßig starken Schmerzen und Fieber","webDetailPath":"arzneimittel/3416422/ass-ratiopharm-500-mg-tabletten.htm","stock":"product.stockStatus.available","active":false,"discount":"38","retailPrice":"585","listPrice":"945","packSize":"100 St","nowProductGroup":"sameday_nextday","attributes":["apothekenpflichtig","Arzneimittel"],"productName":"ASS-ratiopharm® 500 mg Tabletten","pricePerUnit":"","imageUrl":"https://cdn.shop-apotheke.com/images/ass-ratiopharm-500-mg-tabletten-tabletten-D03416422-p1.jpg","pharmaForm":"Tabletten","ribbonText":"","RPMultiplier":"1"}],"master":false,"marketplace":true,"nowProductGroup":"sameday_nextday","notOnStockMessage":"","stockStatusColor":"green","categoryCodes":["csd00001","csd00269","csd00275","csd00061","csd01059","root","catalogs","main","themeshop","csd01140","csd01434","csd02271","csd02272","csd02394","csd02396","csd02862","landingpages","csd03339","csd03475","csd03476","brandshop","csd2123","csd2144"],"prices":{"listPrice":{"amount":9.45,"net":8.15,"currency":"EUR","info":{"index":1,"text":"AVP / UVP"}},"retailPrice":{"amount":5.85,"net":5.04,"currency":"EUR","info":{"index":1,"text":"AVP / UVP"}}},"calculatedRatingRanking":3.61,"objectID":"03416422","_highlightResult":{"activeSubstances":[{"value":"<ais-highlight-0000000000>A</ais-highlight-0000000000>cetylsalicylsäure","matchLevel":"full","fullyHighlighted":false,"matchedWords":["a"]}]},"_rankingInfo":{"nbTypos":0,"firstMatchedWord":0,"proximityDistance":0,"userScore":325,"geoDistance":0,"geoPrecision":1,"nbExactWords":0,"words":1,"filters":1,"personalization":{"score":0,"rankingScore":0,"filtersScore":0,"textualRelevanceBucket":1,"initialPosition":275,"newPosition":275}}},{"brandCode":"csd2502","pzn":"00161714","productName":"KadeFungin® Milchsäurekur","secondaryCategories":["Scheidenpilz","KadeFungin® Milchsäurekur","Black Friday®","30% und mehr","Landingpages","SHOP APOTHEKE NOW!"],"manufacturer":"DR. KADE Pharmazeutische Fabrik GmbH","pharmaForm":"Gel","brand":"KadeFungin","brandIntern":"KadeFungin®","subBrandIntern":"","activeSubstances":["(S)-Milchsäure"],"additiveSubstances":["Benzylalkohol","Natriumlactat-Lösung","Wasser, gereinigtes","Hyetellose","Propylenglycol","Glycerol"],"additiveSubstancesHtml":"<ul><li>Benzylalkohol</li><li>Natriumlactat-Lösung</li><li>Wasser, gereinigtes</li><li>Hyetellose</li><li>Propylenglycol</li><li>Glycerol</li></ul>","descriptionShort":"Regeneriert und stabilisiert die Vaginalflora und den natürlich sauren pH-Wert","keywords":["Scheidenpilz","Vaginalpilz","Pilz","bakterielleVaginose","milchsäuregel"],"unit":"g","unitQuantityString":"7X2,5","masterID":"00161714","indicationRanges":["Gynäkologika/ Vaginaltherapeutika","Vaginaltherapeutika","Wiederherstellung der Vaginalflora"],"ratingCount":23,"averageRating":4.91,"attributes":[],"prescriptionMedicine":false,"price":1373,"listPrice":1899,"netRetailPrice":1184,"priceFormatted":"€ 13,73","listPriceFormatted":"€ 18,99","potency":"","ifap":"","image":"https://cdn.shop-apotheke.com/images/kadefungin-milchsaeurekur-gel-D00161714-p1.jpg","hasImage":true,"deeplink":"arzneimittel/161714/kadefungin-milchsaeurekur.htm","applicablePromotions":"","variantDetails":"00161714|00161714|28|7X2,5 g|1373|arzneimittel/161714/kadefungin-milchsaeurekur.htm|product.stockStatus.available","stockStatus":"","stockStatusReason":"product.stockStatus.available","inStock":true,"pricePerUnit":"78,46 € / 100 g","discountInPercent":28,"created":1445168740000,"lastChanged":1598568246000,"ratingsLink":"/produktbewertungen/161714/kadefungin-milchsaeurekur.htm","ean":"","RPMultiplier":1,"ribbonText":"","primaryCategory":["Die Online-Apotheke für Deutschland","Die Online-Apotheke für Deutschland/Arzneimittel & weitere Produkte ","Die Online-Apotheke für Deutschland/Arzneimittel & weitere Produkte /Frauengesundheit","Die Online-Apotheke für Deutschland/Arzneimittel & weitere Produkte /Frauengesundheit/Vaginalflora"],"topsellerCountBucket":10,"filterAttributes":[],"filterRating":0.09,"packSize":"7X2,5 g","variants":[{"id":"00161714","text":"Regeneriert und stabilisiert die Vaginalflora und den natürlich sauren pH-Wert","webDetailPath":"arzneimittel/161714/kadefungin-milchsaeurekur.htm","stock":"product.stockStatus.available","active":true,"discount":"28","retailPrice":"1373","listPrice":"1899","packSize":"7X2,5 g","nowProductGroup":"sameday_nextday","attributes":[],"productName":"KadeFungin® Milchsäurekur","pricePerUnit":"78,46 € / 100 g","imageUrl":"https://cdn.shop-apotheke.com/images/kadefungin-milchsaeurekur-gel-D00161714-p1.jpg","pharmaForm":"Gel","ribbonText":"","RPMultiplier":"1"}],"master":true,"marketplace":true,"nowProductGroup":"sameday_nextday","notOnStockMessage":"","stockStatusColor":"green","categoryCodes":["csd00001","csd00072","csd01046","root","catalogs","main","themeshop","csd01161","csd01169","csd01434","csd02271","csd02859","landingpages","csd03339"],"prices":{"listPrice":{"amount":18.99,"net":16.37,"currency":"EUR","info":{"index":1,"text":"AVP / UVP"}},"retailPrice":{"amount":13.73,"net":11.84,"currency":"EUR","info":{"index":1,"text":"AVP / UVP"}}},"calculatedRatingRanking":3.26,"objectID":"00161714","_highlightResult":{"activeSubstances":[{"value":"(S)-Milchsäure","matchLevel":"none","matchedWords":[]}]},"_rankingInfo":{"nbTypos":0,"firstMatchedWord":0,"proximityDistance":0,"userScore":324,"geoDistance":0,"geoPrecision":1,"nbExactWords":0,"words":1,"filters":1,"personalization":{"score":0,"rankingScore":0,"filtersScore":0,"textualRelevanceBucket":1,"initialPosition":276,"newPosition":276}}},{"brandCode":"","pzn":"16152002","productName":"Eucerin® UreaRepair PLUS Fußcreme 10 %","secondaryCategories":["Produktserien","UreaRepair","Eucerin","Trockene Haut","Eucerin","Trockene Haut"],"manufacturer":"Beiersdorf AG Eucerin","pharmaForm":"Creme","brand":"","brandIntern":"","subBrandIntern":"","activeSubstances":["Alanin","Kokosnussfettsäure-2-ethylhexylester","Cocosglyceride, hydriert","Natrium DL-lactat","erythro-N-(1,3,4 Trihydroxy)octadecan-2-yloctadecanamid","DL-Pidolsäure, Natriumsalz","Triglyceride, mittelkettige","Harnstoff","Arginin hydrochlorid","Carnitin","Sonnenblumenöl","Glycerol"],"additiveSubstances":["Natriumcetylstearylsulfat","Glycerol stearat SE","Cetylstearylalkohol","Glycin","Distärkephosphat","Glycerolmonostearat","Wasser, gereinigtes","Carbomer","Natriumchlorid","Octyldodecanol","Cholesterol","Dimeticon","Sorbitan stearat","Phenoxyethanol","Milchsäure"],"additiveSubstancesHtml":"<ul><li>Natriumcetylstearylsulfat</li><li>Glycerol stearat SE</li><li>Cetylstearylalkohol</li><li>Glycin</li><li>Distärkephosphat</li><li>Glycerolmonostearat</li><li>Wasser, gereinigtes</li><li>Carbomer</li><li>Natriumchlorid</li><li>Octyldodecanol</li><li>Cholesterol</li><li>Dimeticon</li><li>Sorbitan stearat</li><li>Phenoxyethanol</li><li>Milchsäure</li></ul>","descriptionShort":"Zur Pflegecon trockenen bis sehr trockenen Füßen ","keywords":[],"unit":"ml","unitQuantityString":"125","masterID":"16152002","indicationRanges":["Dermatotherapeutika","Schutz und Pflege von Haut, Haaren und Nägeln","Externa"],"ratingCount":50,"averageRating":4.9,"attributes":[],"prescriptionMedicine":false,"price":973,"listPrice":0,"netRetailPrice":839,"priceFormatted":"€ 9,73","listPriceFormatted":"","potency":"","ifap":"","image":"https://cdn.shop-apotheke.com/images/eucerin-urearepair-plus-fusscreme-10-creme-D16152002-p10.jpg","hasImage":true,"deeplink":"beauty/16152002/eucerin-urearepair-plus-fusscreme-10.htm","applicablePromotions":"","variantDetails":"16152002|16152002|0|125 ml|973|beauty/16152002/eucerin-urearepair-plus-fusscreme-10.htm|product.stockStatus.available","stockStatus":"","stockStatusReason":"product.stockStatus.available","inStock":true,"pricePerUnit":"7,78 € / 100 ml","discountInPercent":0,"created":1589203023000,"lastChanged":1598603323000,"ratingsLink":"/produktbewertungen/16152002/eucerin-urearepair-plus-fusscreme-10.htm","ean":"4005800275388","RPMultiplier":1,"ribbonText":"","primaryCategory":["Die Online-Apotheke für Deutschland","Die Online-Apotheke für Deutschland/Beauty & Pflege","Die Online-Apotheke für Deutschland/Beauty & Pflege/Dermatologische Hautpflege","Die Online-Apotheke für Deutschland/Beauty & Pflege/Dermatologische Hautpflege/Eucerin","Die Online-Apotheke für Deutschland/Beauty & Pflege/Dermatologische Hautpflege/Eucerin/Serien","Die Online-Apotheke für Deutschland/Beauty & Pflege/Dermatologische Hautpflege/Eucerin/Serien/UreaRepair"],"topsellerCountBucket":10,"filterAttributes":[],"filterRating":0.1,"packSize":"125 ml","variants":[{"id":"11678047","text":"Pflegt selbst extrem trockene Füße effektiv","webDetailPath":"beauty/11678047/eucerin-urearepair-plus-fusscreme-10.htm","stock":"product.stockStatus.available","active":false,"discount":"18","retailPrice":"1067","listPrice":"1295","packSize":"100 ml","nowProductGroup":"nextday","attributes":[],"productName":"Eucerin® UreaRepair PLUS Fußcreme 10 %","pricePerUnit":"10,67 € / 100 ml","imageUrl":"https://cdn.shop-apotheke.com/images/eucerin-urearepair-plus-fusscreme-10-fusscreme-D11678047-p1.jpg","pharmaForm":"Fußcreme","ribbonText":"","RPMultiplier":"1"},{"id":"16152002","text":"Zur Pflegecon trockenen bis sehr trockenen Füßen ","webDetailPath":"beauty/16152002/eucerin-urearepair-plus-fusscreme-10.htm","stock":"product.stockStatus.available","active":true,"discount":"0","retailPrice":"973","listPrice":"0","packSize":"125 ml","nowProductGroup":"sameday_nextday","attributes":[],"productName":"Eucerin® UreaRepair PLUS Fußcreme 10 %","pricePerUnit":"7,78 € / 100 ml","imageUrl":"https://cdn.shop-apotheke.com/images/eucerin-urearepair-plus-fusscreme-10-creme-D16152002-p10.jpg","pharmaForm":"Creme","ribbonText":"","RPMultiplier":"1"}],"master":true,"marketplace":false,"nowProductGroup":"sameday_nextday","notOnStockMessage":"","stockStatusColor":"green","categoryCodes":["csd00398","csd00499","csd00551","csd02142","csd02157","csd02167","root","catalogs","main","brandshop","csd1846","csd03383","csd03398","csd1884"],"prices":{"listPrice":null,"retailPrice":{"amount":9.73,"net":8.39,"currency":"EUR","info":{"index":1,"text":"AVP / UVP"}}},"calculatedRatingRanking":3.7,"objectID":"16152002","_highlightResult":{"activeSubstances":[{"value":"<ais-highlight-0000000000>A</ais-highlight-0000000000>lanin","matchLevel":"full","fullyHighlighted":false,"matchedWords":["a"]},{"value":"Kokosnussfettsäure-2-ethylhexylester","matchLevel":"none","matchedWords":[]},{"value":"Cocosglyceride, hydriert","matchLevel":"none","matchedWords":[]},{"value":"Natrium DL-lactat","matchLevel":"none","matchedWords":[]},{"value":"erythro-N-(1,3,4 Trihydroxy)octadecan-2-yloctadecanamid","matchLevel":"none","matchedWords":[]},{"value":"DL-Pidolsäure, Natriumsalz","matchLevel":"none","matchedWords":[]},{"value":"Triglyceride, mittelkettige","matchLevel":"none","matchedWords":[]},{"value":"Harnstoff","matchLevel":"none","matchedWords":[]},{"value":"<ais-highlight-0000000000>A</ais-highlight-0000000000>rginin hydrochlorid","matchLevel":"full","fullyHighlighted":false,"matchedWords":["a"]},{"value":"Carnitin","matchLevel":"none","matchedWords":[]},{"value":"Sonnenblumenöl","matchLevel":"none","matchedWords":[]},{"value":"Glycerol","matchLevel":"none","matchedWords":[]}]},"_rankingInfo":{"nbTypos":0,"firstMatchedWord":0,"proximityDistance":0,"userScore":323,"geoDistance":0,"geoPrecision":1,"nbExactWords":0,"words":1,"filters":1,"personalization":{"score":0,"rankingScore":0,"filtersScore":0,"textualRelevanceBucket":1,"initialPosition":277,"newPosition":277}}},{"brandCode":"","pzn":"11295470","productName":"VITAMIN D3 HEVERT® 4000 IE","secondaryCategories":["Landingpages","VITAMIN D3 HEVERT®","Black Friday®","30% und mehr","Specials","Neujahrs-Special","Landingpages","Flash Deal Mineralstoffe","Landingpages","Vorsatz: Vitamine & Mineralstoffe","Landingpages","Angebote aus der App-otheke ","Landingpages","SHOP APOTHEKE NOW!"],"manufacturer":"Hevert Arzneimittel GmbH & Co. KG","pharmaForm":"Tabletten","brand":"","brandIntern":"HEVERT®","subBrandIntern":"VITAMIN D3 HEVERT®","activeSubstances":["Colecalciferol"],"additiveSubstances":["Croscarmellose","Diacetylweinsäure- und Fettsäureester des Glycerols","Siliciumdioxid","Palmkernöl, hydriert","Sojaöl, partiell hydriert","Cellulose","Gelatine vom Rind"],"additiveSubstancesHtml":"<ul><li>Croscarmellose</li><li>Diacetylweinsäure- und Fettsäureester des Glycerols</li><li>Siliciumdioxid</li><li>Palmkernöl, hydriert</li><li>Sojaöl, partiell hydriert</li><li>Cellulose</li><li>Gelatine vom Rind</li></ul>","descriptionShort":"Zur Unterstützung des Immunsystems","keywords":["sonnenvitamin","vitamin d mangel","Vitamin D3","vitamin d tabletten","vit D","Vit d3","vitamin d","Vitamin D 3","vitamin d3 hevert","vitamine d","hevert","immunsystem stärken","immunstärkung","knochen","Vitamin D 4000"],"unit":"St","unitQuantityString":"90","masterID":"11088245","indicationRanges":["Vitamine","Vitamin D und Derivate","Vitamin D (Monopräparate)"],"ratingCount":40,"averageRating":4.9,"attributes":["Lebensmittel","Nahrungsergänzungsmittel"],"prescriptionMedicine":false,"price":1924,"listPrice":2522,"netRetailPrice":1832,"priceFormatted":"€ 19,24","listPriceFormatted":"€ 25,22","potency":"","ifap":"","image":"https://cdn.shop-apotheke.com/images/vitamin-d3-hevert-4000-ie-tabletten-D11295470-p1.jpg","hasImage":true,"deeplink":"arzneimittel/11295470/vitamin-d3-hevert-4000-ie.htm","applicablePromotions":"","variantDetails":"11088245|11295470|24|90 St|1924|arzneimittel/11295470/vitamin-d3-hevert-4000-ie.htm|product.stockStatus.available","stockStatus":"","stockStatusReason":"product.stockStatus.available","inStock":true,"pricePerUnit":"","discountInPercent":24,"created":1448970902000,"lastChanged":1598572023000,"ratingsLink":"/produktbewertungen/11295470/vitamin-d3-hevert-4000-ie.htm","ean":"4250360134129","RPMultiplier":1,"ribbonText":"","primaryCategory":["Die Online-Apotheke für Deutschland","Die Online-Apotheke für Deutschland/Arzneimittel & weitere Produkte ","Die Online-Apotheke für Deutschland/Arzneimittel & weitere Produkte /Vitamine & Mineralstoffe","Die Online-Apotheke für Deutschland/Arzneimittel & weitere Produkte /Vitamine & Mineralstoffe/Vitaminpräparate","Die Online-Apotheke für Deutschland/Arzneimittel & weitere Produkte /Vitamine & Mineralstoffe/Vitaminpräparate/Vitamin D"],"topsellerCountBucket":10,"filterAttributes":["Lebensmittel","Nahrungsergänzungsmittel"],"filterRating":0.1,"packSize":"90 St","variants":[{"id":"11088245","text":"Zur Unterstützung des Immunsystems","webDetailPath":"arzneimittel/11088245/vitamin-d3-hevert-4000-ie.htm","stock":"product.stockStatus.available","active":true,"discount":"19","retailPrice":"713","listPrice":"885","packSize":"30 St","nowProductGroup":"sameday_nextday","attributes":["Lebensmittel","Nahrungsergänzungsmittel"],"productName":"VITAMIN D3 HEVERT® 4000 IE","pricePerUnit":"","imageUrl":"https://cdn.shop-apotheke.com/images/vitamin-d3-hevert-4000-ie-tabletten-D11088245-p1.jpg","pharmaForm":"Tabletten","ribbonText":"","RPMultiplier":"1"},{"id":"11295458","text":"Zur Unterstützung des Immunsystems","webDetailPath":"arzneimittel/11295458/vitamin-d3-hevert-4000-ie.htm","stock":"product.stockStatus.available","active":false,"discount":"20","retailPrice":"1389","listPrice":"1741","packSize":"60 St","nowProductGroup":"sameday_nextday","attributes":["Lebensmittel","Nahrungsergänzungsmittel"],"productName":"VITAMIN D3 HEVERT® 4000 IE","pricePerUnit":"","imageUrl":"https://cdn.shop-apotheke.com/images/vitamin-d3-hevert-4000-ie-tabletten-D11295458-p1.jpg","pharmaForm":"Tabletten","ribbonText":"","RPMultiplier":"1"},{"id":"11295470","text":"Zur Unterstützung des Immunsystems","webDetailPath":"arzneimittel/11295470/vitamin-d3-hevert-4000-ie.htm","stock":"product.stockStatus.available","active":false,"discount":"24","retailPrice":"1924","listPrice":"2522","packSize":"90 St","nowProductGroup":"sameday_nextday","attributes":["Lebensmittel","Nahrungsergänzungsmittel"],"productName":"VITAMIN D3 HEVERT® 4000 IE","pricePerUnit":"","imageUrl":"https://cdn.shop-apotheke.com/images/vitamin-d3-hevert-4000-ie-tabletten-D11295470-p1.jpg","pharmaForm":"Tabletten","ribbonText":"","RPMultiplier":"1"}],"master":false,"marketplace":true,"nowProductGroup":"sameday_nextday","notOnStockMessage":"","stockStatusColor":"green","categoryCodes":["csd00001","csd00324","csd00352","csd00358","csd01434","csd01461","root","catalogs","main","landingpages","csd02702","csd02271","csd02859","csd03339","csd03526","csd03684","csd03690"],"prices":{"listPrice":{"amount":25.22,"net":24.02,"currency":"EUR","info":{"index":1,"text":"AVP / UVP"}},"retailPrice":{"amount":19.24,"net":18.32,"currency":"EUR","info":{"index":1,"text":"AVP / UVP"}}},"calculatedRatingRanking":3.57,"objectID":"11295470","_highlightResult":{"activeSubstances":[{"value":"Colecalciferol","matchLevel":"none","matchedWords":[]}]},"_rankingInfo":{"nbTypos":0,"firstMatchedWord":0,"proximityDistance":0,"userScore":322,"geoDistance":0,"geoPrecision":1,"nbExactWords":0,"words":1,"filters":1,"personalization":{"score":0,"rankingScore":0,"filtersScore":0,"textualRelevanceBucket":1,"initialPosition":278,"newPosition":278}}},{"brandCode":"","pzn":"11101520","productName":"vitamin B-Loges® komplett","secondaryCategories":["Black Friday®","30% und mehr","Landingpages","Flash Deal Mineralstoffe","Sportlernährstoffe","Vitamin B","Landingpages","Vorsatz: Vitamine & Mineralstoffe","Landingpages","SHOP APOTHEKE NOW!","Landingpages","RedPoints Moonlight Aktion"],"manufacturer":"Dr. Loges + Co. GmbH","pharmaForm":"Filmtabletten","brand":"","brandIntern":"Dr. Loges","subBrandIntern":"vitamin B-Loges®","activeSubstances":["Calcium-L-methyltetrahydrofolat","Mecobalamin","Nicotinamid","Pangamsäure","Biotin","Riboflavin","Cholin hydrogentartrat","Calcium pantothenat","Pyridoxin hydrochlorid","Inositol","Thiamin nitrat"],"additiveSubstances":["Hyprolose","Hypromellose","Eisenoxide und -hydroxide","Cellulose","Speisefettsäuren, Magnesiumsalze","Rapsöl, hydriert","Speisefettsäuren","Calciumhydrogenphosphat","Calciumcarbonat"],"additiveSubstancesHtml":"<ul><li>Hyprolose</li><li>Hypromellose</li><li>Eisenoxide und -hydroxide</li><li>Cellulose</li><li>Speisefettsäuren, Magnesiumsalze</li><li>Rapsöl, hydriert</li><li>Speisefettsäuren</li><li>Calciumhydrogenphosphat</li><li>Calciumcarbonat</li></ul>","descriptionShort":"Das Komplett-Paket der B-Vitamine mit dem Multitalent Pangamsäure","keywords":[],"unit":"St","unitQuantityString":"120","masterID":"11101514","indicationRanges":["Ohne Angabe einer Indikation, da Nichtarzneimittel"],"ratingCount":73,"averageRating":4.9,"attributes":["Lebensmittel","Nahrungsergänzungsmittel"],"prescriptionMedicine":false,"price":2704,"listPrice":3490,"netRetailPrice":2575,"priceFormatted":"€ 27,04","listPriceFormatted":"€ 34,90","potency":"","ifap":"","image":"https://cdn.shop-apotheke.com/images/vitamin-b-loges-komplett-filmtabletten-D11101520-p1.jpg","hasImage":true,"deeplink":"arzneimittel/11101520/vitamin-b-loges-komplett.htm","applicablePromotions":"","variantDetails":"11101514|11101520|23|120 St|2704|arzneimittel/11101520/vitamin-b-loges-komplett.htm|product.stockStatus.available","stockStatus":"","stockStatusReason":"product.stockStatus.available","inStock":true,"pricePerUnit":"","discountInPercent":23,"created":1445167207000,"lastChanged":1598571934000,"ratingsLink":"/produktbewertungen/11101520/vitamin-b-loges-komplett.htm","ean":"","RPMultiplier":1,"ribbonText":"","primaryCategory":["Die Online-Apotheke für Deutschland","Die Online-Apotheke für Deutschland/Arzneimittel & weitere Produkte ","Die Online-Apotheke für Deutschland/Arzneimittel & weitere Produkte /Vitamine & Mineralstoffe","Die Online-Apotheke für Deutschland/Arzneimittel & weitere Produkte /Vitamine & Mineralstoffe/Vitaminpräparate","Die Online-Apotheke für Deutschland/Arzneimittel & weitere Produkte /Vitamine & Mineralstoffe/Vitaminpräparate/Vitamin B"],"topsellerCountBucket":10,"filterAttributes":["Lebensmittel","Nahrungsergänzungsmittel"],"filterRating":0.1,"packSize":"120 St","variants":[{"id":"11101514","text":"Das Komplett-Paket der B-Vitamine mit dem Multitalent Pangamsäure","webDetailPath":"arzneimittel/11101514/vitamin-b-loges-komplett.htm","stock":"product.stockStatus.available","active":true,"discount":"19","retailPrice":"1602","listPrice":"1990","packSize":"60 St","nowProductGroup":"sameday_nextday","attributes":["Lebensmittel","Nahrungsergänzungsmittel"],"productName":"vitamin B-Loges® komplett","pricePerUnit":"","imageUrl":"https://cdn.shop-apotheke.com/images/vitamin-b-loges-komplett-filmtabletten-D11101514-p1.jpg","pharmaForm":"Filmtabletten","ribbonText":"","RPMultiplier":"1"},{"id":"11101520","text":"Das Komplett-Paket der B-Vitamine mit dem Multitalent Pangamsäure","webDetailPath":"arzneimittel/11101520/vitamin-b-loges-komplett.htm","stock":"product.stockStatus.available","active":false,"discount":"23","retailPrice":"2704","listPrice":"3490","packSize":"120 St","nowProductGroup":"sameday_nextday","attributes":["Lebensmittel","Nahrungsergänzungsmittel"],"productName":"vitamin B-Loges® komplett","pricePerUnit":"","imageUrl":"https://cdn.shop-apotheke.com/images/vitamin-b-loges-komplett-filmtabletten-D11101520-p1.jpg","pharmaForm":"Filmtabletten","ribbonText":"","RPMultiplier":"1"}],"master":false,"marketplace":true,"nowProductGroup":"sameday_nextday","notOnStockMessage":"","stockStatusColor":"green","categoryCodes":["csd00001","csd00324","csd00352","csd00356","csd01434","csd02271","csd02859","root","catalogs","main","landingpages","csd03339","csd03516","csd03526","csd03575","csd00283","csd03623","csd03633","csd03690"],"prices":{"listPrice":{"amount":34.9,"net":33.24,"currency":"EUR","info":{"index":1,"text":"AVP / UVP"}},"retailPrice":{"amount":27.04,"net":25.75,"currency":"EUR","info":{"index":1,"text":"AVP / UVP"}}},"calculatedRatingRanking":3.92,"objectID":"11101520","_highlightResult":{"activeSubstances":[{"value":"Calcium-L-methyltetrahydrofolat","matchLevel":"none","matchedWords":[]},{"value":"Mecobalamin","matchLevel":"none","matchedWords":[]},{"value":"Nicotinamid","matchLevel":"none","matchedWords":[]},{"value":"Pangamsäure","matchLevel":"none","matchedWords":[]},{"value":"Biotin","matchLevel":"none","matchedWords":[]},{"value":"Riboflavin","matchLevel":"none","matchedWords":[]},{"value":"Cholin hydrogentartrat","matchLevel":"none","matchedWords":[]},{"value":"Calcium pantothenat","matchLevel":"none","matchedWords":[]},{"value":"Pyridoxin hydrochlorid","matchLevel":"none","matchedWords":[]},{"value":"Inositol","matchLevel":"none","matchedWords":[]},{"value":"Thiamin nitrat","matchLevel":"none","matchedWords":[]}]},"_rankingInfo":{"nbTypos":0,"firstMatchedWord":0,"proximityDistance":0,"userScore":321,"geoDistance":0,"geoPrecision":1,"nbExactWords":0,"words":1,"filters":1,"personalization":{"score":0,"rankingScore":0,"filtersScore":0,"textualRelevanceBucket":1,"initialPosition":279,"newPosition":279}}},{"brandCode":"csd03853","pzn":"10712486","productName":"Magnesium Diasporal® 300 mg","secondaryCategories":["Black Friday®","30% und mehr","Specials","Neujahrs-Special","Sportlernährstoffe","Magnesium","UNSERE ADVENTS-ÜBERASCHUNG EXKLUSIV FÜR UNSERE BESTEN KUNDEN.","Advent 3","Geschenke Themenwelt","Gesundheit schenken","Landingpages","Vorsatz: Vitamine & Mineralstoffe","Landingpages","Abo Produkte","Landingpages","Angebote aus der App-otheke ","Landingpages","SHOP APOTHEKE NOW!","Healthy Deals","Healthy Deals Ernährung, Sport & Abnehmen","Landingpages","Healthy Deals App-Angebote"],"manufacturer":"Protina Pharmazeutische GmbH","pharmaForm":"Granulat","brand":"Magnesium Diasporal","brandIntern":"Magnesium Diasporal®","subBrandIntern":"","activeSubstances":["Trimagnesiumdicitrat"],"additiveSubstances":["Apfelsinen-Aroma","Natriumhydrogencarbonat","Riboflavin","Saccharose","Citronensäure"],"additiveSubstancesHtml":"<ul><li>Apfelsinen-Aroma</li><li>Natriumhydrogencarbonat</li><li>Riboflavin</li><li>Saccharose</li><li>Citronensäure</li></ul>","descriptionShort":"Zur Anwendung bei nachgewiesenem Magnesiummangel","keywords":[],"unit":"St","unitQuantityString":"100","masterID":"10712457","indicationRanges":["Mineralstoffe (Therapie und Substitution)","Magnesium-Präparate","Magnesium-Salze, oral"],"ratingCount":68,"averageRating":4.9,"attributes":["apothekenpflichtig","vegan","Arzneimittel","ABO"],"prescriptionMedicine":false,"price":2571,"listPrice":3214,"netRetailPrice":2449,"priceFormatted":"€ 25,71","listPriceFormatted":"€ 32,14","potency":"","ifap":"Das Arzneimittel ist ein Mineralstoffpräparat und enthält den Wirkstoff Magnesiumcitrat. Es wird angewendet zur Behandlung und Vorbeugung eines Magnesiummangels. Zeichen eines Magnesiummangels können Beschwerden des Nervensystems und der Muskeln (Zittern, Muskelkrämpfe, Tetanie) sowie Persönlichkeitsveränderungen sein. Wenn Sie sich nach der Einnahme dieses Arzneimittels nicht besser oder gar schlechter fühlen, wenden Sie sich an einen Arzt.","image":"https://cdn.shop-apotheke.com/images/magnesium-diasporal-300-mg-granulat-D10712486-p1.jpg","hasImage":true,"deeplink":"arzneimittel/10712486/magnesium-diasporal-300-mg.htm","applicablePromotions":"","variantDetails":"10712457|10712486|20|100 St|2571|arzneimittel/10712486/magnesium-diasporal-300-mg.htm|product.stockStatus.available","stockStatus":"","stockStatusReason":"product.stockStatus.available","inStock":true,"pricePerUnit":"","discountInPercent":20,"created":1445169638000,"lastChanged":1598571803000,"ratingsLink":"/produktbewertungen/10712486/magnesium-diasporal-300-mg.htm","ean":"4260124360381","RPMultiplier":1,"ribbonText":"","primaryCategory":["Die Online-Apotheke für Deutschland","Die Online-Apotheke für Deutschland/Arzneimittel & weitere Produkte ","Die Online-Apotheke für Deutschland/Arzneimittel & weitere Produkte /Vitamine & Mineralstoffe","Die Online-Apotheke für Deutschland/Arzneimittel & weitere Produkte /Vitamine & Mineralstoffe/Mineralstoffe & Spurenelemente","Die Online-Apotheke für Deutschland/Arzneimittel & weitere Produkte /Vitamine & Mineralstoffe/Mineralstoffe & Spurenelemente/Magnesium"],"topsellerCountBucket":10,"filterAttributes":["vegan","ABO"],"filterRating":0.1,"packSize":"100 St","variants":[{"id":"10712457","text":"Zur Anwendung bei nachgewiesenem Magnesiummangel","webDetailPath":"arzneimittel/10712457/magnesium-diasporal-300-mg.htm","stock":"product.stockStatus.available","active":true,"discount":"20","retailPrice":"723","listPrice":"899","packSize":"20 St","nowProductGroup":"sameday_nextday","attributes":["apothekenpflichtig","vegan","Arzneimittel"],"productName":"Magnesium Diasporal® 300 mg","pricePerUnit":"","imageUrl":"https://cdn.shop-apotheke.com/images/magnesium-diasporal-300-mg-granulat-D10712457-p1.jpg","pharmaForm":"Granulat","ribbonText":"","RPMultiplier":"1"},{"id":"10712463","text":"Zur Anwendung bei nachgewiesenem Magnesiummangel","webDetailPath":"arzneimittel/10712463/magnesium-diasporal-300-mg.htm","stock":"product.stockStatus.available","active":false,"discount":"17","retailPrice":"1513","listPrice":"1830","packSize":"50 St","nowProductGroup":"sameday_nextday","attributes":["apothekenpflichtig","vegan","Arzneimittel"],"productName":"Magnesium Diasporal® 300 mg","pricePerUnit":"","imageUrl":"https://cdn.shop-apotheke.com/images/magnesium-diasporal-300-mg-granulat-D10712463-p1.jpg","pharmaForm":"Granulat","ribbonText":"","RPMultiplier":"1"},{"id":"10712486","text":"Zur Anwendung bei nachgewiesenem Magnesiummangel","webDetailPath":"arzneimittel/10712486/magnesium-diasporal-300-mg.htm","stock":"product.stockStatus.available","active":false,"discount":"20","retailPrice":"2571","listPrice":"3214","packSize":"100 St","nowProductGroup":"sameday_nextday","attributes":["apothekenpflichtig","vegan","Arzneimittel","ABO"],"productName":"Magnesium Diasporal® 300 mg","pricePerUnit":"","imageUrl":"https://cdn.shop-apotheke.com/images/magnesium-diasporal-300-mg-granulat-D10712486-p1.jpg","pharmaForm":"Granulat","ribbonText":"","RPMultiplier":"1"}],"master":false,"marketplace":true,"nowProductGroup":"sameday_nextday","notOnStockMessage":"","stockStatusColor":"green","categoryCodes":["csd00001","csd00324","csd00328","csd00336","csd02764","csd02770","csd01458","csd01434","csd01461","csd02271","csd02859","root","catalogs","main","landingpages","csd03339","csd03461","csd02968","csd03571","csd03575","csd00283","csd03623","csd03631","csd03646","csd03644","csd03684","csd03690","csd03692"],"prices":{"listPrice":{"amount":32.14,"net":30.61,"currency":"EUR","info":{"index":1,"text":"AVP / UVP"}},"retailPrice":{"amount":25.71,"net":24.49,"currency":"EUR","info":{"index":1,"text":"AVP / UVP"}}},"calculatedRatingRanking":3.88,"objectID":"10712486","_highlightResult":{"activeSubstances":[{"value":"Trimagnesiumdicitrat","matchLevel":"none","matchedWords":[]}]},"_rankingInfo":{"nbTypos":0,"firstMatchedWord":0,"proximityDistance":0,"userScore":320,"geoDistance":0,"geoPrecision":1,"nbExactWords":0,"words":1,"filters":1,"personalization":{"score":0,"rankingScore":0,"filtersScore":0,"textualRelevanceBucket":1,"initialPosition":280,"newPosition":280}}},{"brandCode":"csd2300","pzn":"09461168","productName":"Bepanthen® Narben-Gel mit Massage-Roller","secondaryCategories":["Bepanthen<sup>®</sup>","Wundheilung","Landingpages","Topseller","Landingpages","SHOP APOTHEKE NOW!","Landingpages","Aktion RED-Points"],"manufacturer":"Bayer Vital GmbH","pharmaForm":"Gel","brand":"Bepanthen","brandIntern":"Bepanthen®","subBrandIntern":"","activeSubstances":["Dimethiconol","Dexpanthenol","Dimeticon-Kreuzpolymer","Bisisobutyl PEG/PPG 10/7 dimeticoncopolymer","Dimeticon"],"additiveSubstances":["Pentan-1,2-diol","Tetranatriumglutamatdiacetat","Wasser, gereinigtes","Citronensäure"],"additiveSubstancesHtml":"<ul><li>Pentan-1,2-diol</li><li>Tetranatriumglutamatdiacetat</li><li>Wasser, gereinigtes</li><li>Citronensäure</li></ul>","descriptionShort":"Zur Behandlung frischer Narben für glattere und unauffälligere Narben","keywords":["narbe"],"unit":"g","unitQuantityString":"20","masterID":"09461168","indicationRanges":["Dermatotherapeutika","Therapie von infizierten und nicht infizierten Hautläsionen","Narbenbehandlung"],"ratingCount":39,"averageRating":4.9,"attributes":[],"prescriptionMedicine":false,"price":1702,"listPrice":0,"netRetailPrice":1467,"priceFormatted":"€ 17,02","listPriceFormatted":"","potency":"","ifap":"","image":"https://cdn.shop-apotheke.com/images/bepanthen-narben-gel-mit-massage-roller-gel-D09461168-p1.jpg","hasImage":true,"deeplink":"arzneimittel/9461168/bepanthen-narben-gel-mit-massage-roller.htm","applicablePromotions":"","variantDetails":"09461168|09461168|0|20 g|1702|arzneimittel/9461168/bepanthen-narben-gel-mit-massage-roller.htm|product.stockStatus.available","stockStatus":"","stockStatusReason":"product.stockStatus.available","inStock":true,"pricePerUnit":"85,10 € / 100 g","discountInPercent":0,"created":1445175907000,"lastChanged":1598591283000,"ratingsLink":"/produktbewertungen/9461168/bepanthen-narben-gel-mit-massage-roller.htm","ean":"","RPMultiplier":1,"ribbonText":"","primaryCategory":["Die Online-Apotheke für Deutschland","Die Online-Apotheke für Deutschland/Arzneimittel & weitere Produkte ","Die Online-Apotheke für Deutschland/Arzneimittel & weitere Produkte /Haut, Haare & Nägel","Die Online-Apotheke für Deutschland/Arzneimittel & weitere Produkte /Haut, Haare & Nägel/Haut","Die Online-Apotheke für Deutschland/Arzneimittel & weitere Produkte /Haut, Haare & Nägel/Haut/Narbenbehandlung"],"topsellerCountBucket":10,"filterAttributes":[],"filterRating":0.1,"packSize":"20 g","variants":[{"id":"09461168","text":"Zur Behandlung frischer Narben für glattere und unauffälligere Narben","webDetailPath":"arzneimittel/9461168/bepanthen-narben-gel-mit-massage-roller.htm","stock":"product.stockStatus.available","active":true,"discount":"0","retailPrice":"1702","listPrice":"0","packSize":"20 g","nowProductGroup":"sameday_nextday","attributes":[],"productName":"Bepanthen® Narben-Gel mit Massage-Roller","pricePerUnit":"85,10 € / 100 g","imageUrl":"https://cdn.shop-apotheke.com/images/bepanthen-narben-gel-mit-massage-roller-gel-D09461168-p1.jpg","pharmaForm":"Gel","ribbonText":"","RPMultiplier":"1"}],"master":true,"marketplace":true,"nowProductGroup":"sameday_nextday","notOnStockMessage":"","stockStatusColor":"green","categoryCodes":["csd00001","csd00144","csd00158","csd00165","root","catalogs","main","landingpages","csd03159","csd03339","csd03648","brandshop","csd1657","csd1664"],"prices":{"listPrice":null,"retailPrice":{"amount":17.02,"net":14.67,"currency":"EUR","info":{"index":1,"text":"AVP / UVP"}}},"calculatedRatingRanking":3.55,"objectID":"09461168","_highlightResult":{"activeSubstances":[{"value":"Dimethiconol","matchLevel":"none","matchedWords":[]},{"value":"Dexpanthenol","matchLevel":"none","matchedWords":[]},{"value":"Dimeticon-Kreuzpolymer","matchLevel":"none","matchedWords":[]},{"value":"Bisisobutyl PEG/PPG 10/7 dimeticoncopolymer","matchLevel":"none","matchedWords":[]},{"value":"Dimeticon","matchLevel":"none","matchedWords":[]}]},"_rankingInfo":{"nbTypos":0,"firstMatchedWord":0,"proximityDistance":0,"userScore":319,"geoDistance":0,"geoPrecision":1,"nbExactWords":0,"words":1,"filters":1,"personalization":{"score":0,"rankingScore":0,"filtersScore":0,"textualRelevanceBucket":1,"initialPosition":281,"newPosition":281}}},{"brandCode":"csd01837","pzn":"08910316","productName":"Loperamid AL akut","secondaryCategories":["ALIUD PHARMA<sup>®</sup>","Magen, Darm & Verdauung","Black Friday®","Wohl durch den Winter"],"manufacturer":"ALIUD Pharma GmbH","pharmaForm":"Hartkapseln","brand":"Loperamid","brandIntern":"ALIUD","subBrandIntern":"Loperamid AL","activeSubstances":["Loperamid hydrochlorid"],"additiveSubstances":["Chinolingelb","Eisen(II,III)-oxid","Eisen(III)-oxidhydrat, schwarz","Magnesium stearat (pflanzlich)","Gelatine","Maisstärke","Lactose-1-Wasser","Titandioxid","Indigocarmin","Talkum"],"additiveSubstancesHtml":"<ul><li>Chinolingelb</li><li>Eisen(II,III)-oxid</li><li>Eisen(III)-oxidhydrat, schwarz</li><li>Magnesium stearat (pflanzlich)</li><li>Gelatine</li><li>Maisstärke</li><li>Lactose-1-Wasser</li><li>Titandioxid</li><li>Indigocarmin</li><li>Talkum</li></ul>","descriptionShort":"Zur symptomatischen Behandlung von akuten Durchfällen","keywords":[],"unit":"St","unitQuantityString":"10","masterID":"08910316","indicationRanges":["Magen-Darm-wirksame Pharmaka","Motilitätsbeeinflussende Mittel","Motilitätshemmende"],"ratingCount":19,"averageRating":4.9,"attributes":["apothekenpflichtig","Arzneimittel"],"prescriptionMedicine":false,"price":140,"listPrice":230,"netRetailPrice":121,"priceFormatted":"€ 1,40","listPriceFormatted":"€ 2,30","potency":"","ifap":"Das Arzneimittel enthält den Wirkstoff Loperamidhydrochlorid. Loperamidhydrochlorid ist ein Mittel gegen Durchfall. Zur symptomatischen Behandlung von akuten Durchfällen für Jugendliche ab 12 Jahren und Erwachsene, sofern keine ursächliche Therapie zur Verfügung steht. Eine über 2 Tage hinausgehende Behandlung mit Loperamid darf nur unter ärztlicher Verordnung und Verlaufsbeobachtung erfolgen.","image":"https://cdn.shop-apotheke.com/images/loperamid-al-akut-hartkapseln-D08910316-p1.jpg","hasImage":true,"deeplink":"arzneimittel/8910316/loperamid-al-akut.htm","applicablePromotions":"","variantDetails":"08910316|08910316|39|10 St|140|arzneimittel/8910316/loperamid-al-akut.htm|product.stockStatus.available","stockStatus":"","stockStatusReason":"product.stockStatus.available","inStock":true,"pricePerUnit":"","discountInPercent":39,"created":1445165415000,"lastChanged":1598571243000,"ratingsLink":"/produktbewertungen/8910316/loperamid-al-akut.htm","ean":"4150089103164","RPMultiplier":1,"ribbonText":"","primaryCategory":["Die Online-Apotheke für Deutschland","Die Online-Apotheke für Deutschland/Arzneimittel & weitere Produkte ","Die Online-Apotheke für Deutschland/Arzneimittel & weitere Produkte /Magen & Darm","Die Online-Apotheke für Deutschland/Arzneimittel & weitere Produkte /Magen & Darm/Durchfall & Elektrolytersatz"],"topsellerCountBucket":10,"filterAttributes":[],"filterRating":0.1,"packSize":"10 St","variants":[{"id":"08910316","text":"Zur symptomatischen Behandlung von akuten Durchfällen","webDetailPath":"arzneimittel/8910316/loperamid-al-akut.htm","stock":"product.stockStatus.available","active":true,"discount":"39","retailPrice":"140","listPrice":"230","packSize":"10 St","nowProductGroup":"sameday_nextday","attributes":["apothekenpflichtig","Arzneimittel"],"productName":"Loperamid AL akut","pricePerUnit":"","imageUrl":"https://cdn.shop-apotheke.com/images/loperamid-al-akut-hartkapseln-D08910316-p1.jpg","pharmaForm":"Hartkapseln","ribbonText":"","RPMultiplier":"1"}],"master":true,"marketplace":true,"nowProductGroup":"sameday_nextday","notOnStockMessage":"","stockStatusColor":"green","categoryCodes":["csd00001","csd00219","csd00222","csd01434","csd02271","csd03668","root","catalogs","main","brandshop","csd1914","csd1923"],"prices":{"listPrice":{"amount":2.3,"net":1.98,"currency":"EUR","info":{"index":1,"text":"AVP / UVP"}},"retailPrice":{"amount":1.4,"net":1.21,"currency":"EUR","info":{"index":1,"text":"AVP / UVP"}}},"calculatedRatingRanking":3.16,"objectID":"08910316","_highlightResult":{"activeSubstances":[{"value":"Loperamid hydrochlorid","matchLevel":"none","matchedWords":[]}]},"_rankingInfo":{"nbTypos":0,"firstMatchedWord":0,"proximityDistance":0,"userScore":318,"geoDistance":0,"geoPrecision":1,"nbExactWords":0,"words":1,"filters":1,"personalization":{"score":0,"rankingScore":0,"filtersScore":0,"textualRelevanceBucket":1,"initialPosition":282,"newPosition":282}}},{"brandCode":"csd01836","pzn":"07379385","productName":"Dexeryl® Pflegecreme ","secondaryCategories":["Haut","Neurodermitis & Schuppenflechte","Landingpages","Beauty Top 20","Landingpages","Beauty Topseller","Landingpages","Beauty-Topseller: 10% Rabatt mit beauty2019 sichern!","Landingpages","Flash Deal Beauty","Landingpages","Topseller","UNSERE ADVENTS-ÜBERASCHUNG EXKLUSIV FÜR UNSERE BESTEN KUNDEN.","Advent 1","Landingpages","SHOP APOTHEKE NOW!"],"manufacturer":"PIERRE FABRE DERMO KOSMETIK GmbH GB - DUCRAY A-DERMA PFD","pharmaForm":"Creme","brand":"Dexeryl","brandIntern":"DEXERYL®","subBrandIntern":"","activeSubstances":["Paraffin, dickflüssiges","Vaselin, weißes","Glycerol"],"additiveSubstances":["Stearinsäure","Cyclometicon","Glycerolmonostearat","Trolamin","Wasser, gereinigtes","Propyl-4-hydroxybenzoat","Macrogol 600","Dimeticon"],"additiveSubstancesHtml":"<ul><li>Stearinsäure</li><li>Cyclometicon</li><li>Glycerolmonostearat</li><li>Trolamin</li><li>Wasser, gereinigtes</li><li>Propyl-4-hydroxybenzoat</li><li>Macrogol 600</li><li>Dimeticon</li></ul>","descriptionShort":"Mit nur drei essenziellen Inhaltsstoffen wird der Juckreiz beruhigt und die Haut vor weiterer Austrocknung geschützt ","keywords":[],"unit":"g","unitQuantityString":"500","masterID":"04045212","indicationRanges":["Dermatotherapeutika","Schutz und Pflege von Haut, Haaren und Nägeln","Externa"],"ratingCount":87,"averageRating":4.9,"attributes":[],"prescriptionMedicine":false,"price":1394,"listPrice":1511,"netRetailPrice":1202,"priceFormatted":"€ 13,94","listPriceFormatted":"€ 15,11","potency":"","ifap":"","image":"https://cdn.shop-apotheke.com/images/dexeryl-pflegecreme-creme-D07379385-p1.jpg","hasImage":true,"deeplink":"beauty/7379385/dexeryl-pflegecreme.htm","applicablePromotions":"","variantDetails":"04045212|07379385|8|500 g|1394|beauty/7379385/dexeryl-pflegecreme.htm|product.stockStatus.available","stockStatus":"","stockStatusReason":"product.stockStatus.available","inStock":true,"pricePerUnit":"27,88 € / kg","discountInPercent":8,"created":1445177444000,"lastChanged":1598570638000,"ratingsLink":"/produktbewertungen/7379385/dexeryl-pflegecreme.htm","ean":"3592619321609","RPMultiplier":1,"ribbonText":"","primaryCategory":["Die Online-Apotheke für Deutschland","Die Online-Apotheke für Deutschland/Beauty & Pflege","Die Online-Apotheke für Deutschland/Beauty & Pflege/Pflegende Kosmetik","Die Online-Apotheke für Deutschland/Beauty & Pflege/Pflegende Kosmetik/Ducray","Die Online-Apotheke für Deutschland/Beauty & Pflege/Pflegende Kosmetik/Ducray/Hautpflege","Die Online-Apotheke für Deutschland/Beauty & Pflege/Pflegende Kosmetik/Ducray/Hautpflege/Trockene Haut"],"topsellerCountBucket":10,"filterAttributes":[],"filterRating":0.1,"packSize":"500 g","variants":[{"id":"04045212","text":"Mit nur drei essenziellen Inhaltsstoffen wird der Juckreiz beruhigt und die Haut vor weiterer Austrocknung geschützt ","webDetailPath":"beauty/4045212/dexeryl-pflegecreme.htm","stock":"product.stockStatus.available","active":true,"discount":"14","retailPrice":"437","listPrice":"507","packSize":"50 g","nowProductGroup":"sameday_nextday","attributes":[],"productName":"Dexeryl® Pflegecreme ","pricePerUnit":"8,74 € / 100 g","imageUrl":"https://cdn.shop-apotheke.com/images/dexeryl-pflegecreme-creme-D04045212-p1.jpg","pharmaForm":"Creme","ribbonText":"","RPMultiplier":"1"},{"id":"04045241","text":"Mit nur drei essenziellen Inhaltsstoffen wird der Juckreiz beruhigt und die Haut vor weiterer Austrocknung geschützt ","webDetailPath":"beauty/4045241/dexeryl-pflegecreme.htm","stock":"product.stockStatus.available","active":false,"discount":"12","retailPrice":"902","listPrice":"1024","packSize":"250 g","nowProductGroup":"nextday","attributes":[],"productName":"Dexeryl® Pflegecreme ","pricePerUnit":"3,61 € / 100 g","imageUrl":"https://cdn.shop-apotheke.com/images/dexeryl-pflegecreme-creme-D04045241-p1.jpg","pharmaForm":"Creme","ribbonText":"","RPMultiplier":"1"},{"id":"07379385","text":"Mit nur drei essenziellen Inhaltsstoffen wird der Juckreiz beruhigt und die Haut vor weiterer Austrocknung geschützt ","webDetailPath":"beauty/7379385/dexeryl-pflegecreme.htm","stock":"product.stockStatus.available","active":false,"discount":"8","retailPrice":"1394","listPrice":"1511","packSize":"500 g","nowProductGroup":"sameday_nextday","attributes":[],"productName":"Dexeryl® Pflegecreme ","pricePerUnit":"27,88 € / kg","imageUrl":"https://cdn.shop-apotheke.com/images/dexeryl-pflegecreme-creme-D07379385-p1.jpg","pharmaForm":"Creme","ribbonText":"","RPMultiplier":"1"}],"master":false,"marketplace":true,"nowProductGroup":"sameday_nextday","notOnStockMessage":"","stockStatusColor":"green","categoryCodes":["csd00398","csd01229","csd00599","csd02896","csd00605","csd00001","csd00144","csd00158","csd00166","root","catalogs","main","landingpages","csd03058","csd03339","csd03477","csd03489","csd03525","csd03646","csd03642","csd03648"],"prices":{"listPrice":{"amount":15.11,"net":13.03,"currency":"EUR","info":{"index":1,"text":"AVP / UVP"}},"retailPrice":{"amount":13.94,"net":12.02,"currency":"EUR","info":{"index":1,"text":"AVP / UVP"}}},"calculatedRatingRanking":4.02,"objectID":"07379385","_highlightResult":{"activeSubstances":[{"value":"Paraffin, dickflüssiges","matchLevel":"none","matchedWords":[]},{"value":"Vaselin, weißes","matchLevel":"none","matchedWords":[]},{"value":"Glycerol","matchLevel":"none","matchedWords":[]}]},"_rankingInfo":{"nbTypos":0,"firstMatchedWord":0,"proximityDistance":0,"userScore":317,"geoDistance":0,"geoPrecision":1,"nbExactWords":0,"words":1,"filters":1,"personalization":{"score":0,"rankingScore":0,"filtersScore":0,"textualRelevanceBucket":1,"initialPosition":283,"newPosition":283}}},{"brandCode":"csd02085","pzn":"06816435","productName":"WALA® Euphrasia Augentropfen","secondaryCategories":["Auge","Augenreizungen","Landingpages","Flash Deal Homöopathie","UNSERE ADVENTS-ÜBERASCHUNG EXKLUSIV FÜR UNSERE BESTEN KUNDEN.","Advent 2","Auge","Homöopathische Produkte","Landingpages","SHOP APOTHEKE NOW!"],"manufacturer":"WALA Heilmittel GmbH","pharmaForm":"Augentropfen","brand":"Wala","brandIntern":"WALA®","subBrandIntern":"Euphrasia","activeSubstances":["Euphrasia ferm 33c D2","Rosae aetheroleum D7"],"additiveSubstances":["Wasser für Injektionszwecke","Natriumchlorid","Natriumhydrogencarbonat"],"additiveSubstancesHtml":"<ul><li>Wasser für Injektionszwecke</li><li>Natriumchlorid</li><li>Natriumhydrogencarbonat</li></ul>","descriptionShort":"Anthroposophisches Arzneimittel bei Bindehautentzündung","keywords":["Augentropfen","Auge","Augen","wala"],"unit":"ml","unitQuantityString":"10X0,5","masterID":"06816435","indicationRanges":["Ophthalmika","Anthroposophika","Sonstige"],"ratingCount":113,"averageRating":4.9,"attributes":["apothekenpflichtig","homöopathisch","Arzneimittel"],"prescriptionMedicine":false,"price":758,"listPrice":1025,"netRetailPrice":653,"priceFormatted":"€ 7,58","listPriceFormatted":"€ 10,25","potency":"","ifap":"Anthroposophisches Arzneimittel bei Bindehautentzündung. Anwendungsgebiete gemäß der anthroposophischen Menschen- und Naturerkenntnis.  Dazu gehören:Strukturierung des Flüssigkeitsorganismus im Augenbereich, z.B. katarrhalische Bindehautentzündung. ","image":"https://cdn.shop-apotheke.com/images/wala-euphrasia-augentropfen-augentropfen-D06816435-p1.jpg","hasImage":true,"deeplink":"homoeopathie/6816435/wala-euphrasia-augentropfen.htm","applicablePromotions":"","variantDetails":"06816435|06816435|26|10X0,5 ml|758|homoeopathie/6816435/wala-euphrasia-augentropfen.htm|product.stockStatus.available","stockStatus":"","stockStatusReason":"product.stockStatus.available","inStock":true,"pricePerUnit":"151,60 € / 100 ml","discountInPercent":26,"created":1445174122000,"lastChanged":1598570355000,"ratingsLink":"/produktbewertungen/6816435/wala-euphrasia-augentropfen.htm","ean":"","RPMultiplier":1,"ribbonText":"","primaryCategory":["Die Online-Apotheke für Deutschland","Die Online-Apotheke für Deutschland/Homöopathie & Naturprodukte","Die Online-Apotheke für Deutschland/Homöopathie & Naturprodukte/Anwendungsgebiete","Die Online-Apotheke für Deutschland/Homöopathie & Naturprodukte/Anwendungsgebiete/Homöopathisch","Die Online-Apotheke für Deutschland/Homöopathie & Naturprodukte/Anwendungsgebiete/Homöopathisch/Augengesundheit"],"topsellerCountBucket":10,"filterAttributes":["homöopathisch"],"filterRating":0.1,"packSize":"10X0,5 ml","variants":[{"id":"06816435","text":"Anthroposophisches Arzneimittel bei Bindehautentzündung","webDetailPath":"homoeopathie/6816435/wala-euphrasia-augentropfen.htm","stock":"product.stockStatus.available","active":true,"discount":"26","retailPrice":"758","listPrice":"1025","packSize":"10X0,5 ml","nowProductGroup":"sameday_nextday","attributes":["apothekenpflichtig","homöopathisch","Arzneimittel"],"productName":"WALA® Euphrasia Augentropfen","pricePerUnit":"151,60 € / 100 ml","imageUrl":"https://cdn.shop-apotheke.com/images/wala-euphrasia-augentropfen-augentropfen-D06816435-p1.jpg","pharmaForm":"Augentropfen","ribbonText":"","RPMultiplier":"1"}],"master":true,"marketplace":true,"nowProductGroup":"sameday_nextday","notOnStockMessage":"","stockStatusColor":"green","categoryCodes":["csd00850","csd00851","csd00852","csd00855","csd00001","csd00020","csd00021","csd00023","csd01070","root","catalogs","main","landingpages","csd03339","csd03523","csd03646","csd03643"],"prices":{"listPrice":{"amount":10.25,"net":8.84,"currency":"EUR","info":{"index":1,"text":"AVP / UVP"}},"retailPrice":{"amount":7.58,"net":6.53,"currency":"EUR","info":{"index":1,"text":"AVP / UVP"}}},"calculatedRatingRanking":4.16,"objectID":"06816435","_highlightResult":{"activeSubstances":[{"value":"Euphrasia ferm 33c D2","matchLevel":"none","matchedWords":[]},{"value":"Rosae <ais-highlight-0000000000>a</ais-highlight-0000000000>etheroleum D7","matchLevel":"full","fullyHighlighted":false,"matchedWords":["a"]}]},"_rankingInfo":{"nbTypos":0,"firstMatchedWord":0,"proximityDistance":0,"userScore":316,"geoDistance":0,"geoPrecision":1,"nbExactWords":0,"words":1,"filters":1,"personalization":{"score":0,"rankingScore":0,"filtersScore":0,"textualRelevanceBucket":1,"initialPosition":284,"newPosition":284}}},{"brandCode":"csd2300","pzn":"06325944","productName":"Bepanthen® Meerwasser-Nasenspray","secondaryCategories":["Nase","Nasenpflege","Nase","Schnupfen","Bepanthen<sup>®</sup>","Erkältung","Bepanthen<sup>®</sup>","Pollenallergie","Erkältung & Grippe","Schnupfen","Landingpages","Topseller Allergie","Landingpages","Flash Deal Erkaeltung","Landingpages","NOW! Reiseapotheke","Landingpages","Weltgesundheitstag: Hausapotheke","Landingpages","Top 100","Landingpages","Aktion RED-Points"],"manufacturer":"Bayer Vital GmbH","pharmaForm":"Nasenspray","brand":"Bepanthen","brandIntern":"Bepanthen®","subBrandIntern":"","activeSubstances":["Dexpanthenol","Meerwasser, isotonisiert, steril"],"additiveSubstances":["Kaliumdihydrogenphosphat","Kaliummonohydrogenphosphat"],"additiveSubstancesHtml":"<ul><li>Kaliumdihydrogenphosphat</li><li>Kaliummonohydrogenphosphat</li></ul>","descriptionShort":"Zur Befeuchtung, Reinigung und Pflege trockener Nasenschleimhäute","keywords":["meersalznasenspray","meerwassernasenspray","meerwasserspray"],"unit":"ml","unitQuantityString":"20","masterID":"06325944","indicationRanges":["Atemwegskrankheiten und grippale Infekte","Rhinologika, lokale Anwendung","Schnupfenmittel, Meerwasser-/ Kochsalz-haltig"],"ratingCount":40,"averageRating":4.9,"attributes":[],"prescriptionMedicine":false,"price":465,"listPrice":0,"netRetailPrice":401,"priceFormatted":"€ 4,65","listPriceFormatted":"","potency":"","ifap":"","image":"https://cdn.shop-apotheke.com/images/bepanthen-meerwasser-nasenspray-nasenspray-D06325944-p1.jpg","hasImage":true,"deeplink":"arzneimittel/6325944/bepanthen-meerwasser-nasenspray.htm","applicablePromotions":"","variantDetails":"06325944|06325944|0|20 ml|465|arzneimittel/6325944/bepanthen-meerwasser-nasenspray.htm|product.stockStatus.available","stockStatus":"","stockStatusReason":"product.stockStatus.available","inStock":true,"pricePerUnit":"23,25 € / 100 ml","discountInPercent":0,"created":1445163025000,"lastChanged":1598602024000,"ratingsLink":"/produktbewertungen/6325944/bepanthen-meerwasser-nasenspray.htm","ean":"","RPMultiplier":1,"ribbonText":"","primaryCategory":["Die Online-Apotheke für Deutschland","Die Online-Apotheke für Deutschland/Arzneimittel & weitere Produkte ","Die Online-Apotheke für Deutschland/Arzneimittel & weitere Produkte /Allergie & Asthma","Die Online-Apotheke für Deutschland/Arzneimittel & weitere Produkte /Allergie & Asthma/Allergischer Schnupfen"],"topsellerCountBucket":10,"filterAttributes":[],"filterRating":0.1,"packSize":"20 ml","variants":[{"id":"06325944","text":"Zur Befeuchtung, Reinigung und Pflege trockener Nasenschleimhäute","webDetailPath":"arzneimittel/6325944/bepanthen-meerwasser-nasenspray.htm","stock":"product.stockStatus.available","active":true,"discount":"0","retailPrice":"465","listPrice":"0","packSize":"20 ml","nowProductGroup":"sameday_nextday","attributes":[],"productName":"Bepanthen® Meerwasser-Nasenspray","pricePerUnit":"23,25 € / 100 ml","imageUrl":"https://cdn.shop-apotheke.com/images/bepanthen-meerwasser-nasenspray-nasenspray-D06325944-p1.jpg","pharmaForm":"Nasenspray","ribbonText":"","RPMultiplier":"1"}],"master":true,"marketplace":false,"nowProductGroup":"sameday_nextday","notOnStockMessage":"","stockStatusColor":"green","categoryCodes":["csd00001","csd00010","csd00015","csd00020","csd00028","csd00030","csd00033","csd00061","csd01060","root","catalogs","main","landingpages","csd03040","csd03159","csd03290","csd03476","csd03524","csd03939","brandshop","csd1657","csd1659","csd1661"],"prices":{"listPrice":null,"retailPrice":{"amount":4.65,"net":4.01,"currency":"EUR","info":{"index":1,"text":"AVP / UVP"}}},"calculatedRatingRanking":3.57,"objectID":"06325944","_highlightResult":{"activeSubstances":[{"value":"Dexpanthenol","matchLevel":"none","matchedWords":[]},{"value":"Meerwasser, isotonisiert, steril","matchLevel":"none","matchedWords":[]}]},"_rankingInfo":{"nbTypos":0,"firstMatchedWord":0,"proximityDistance":0,"userScore":315,"geoDistance":0,"geoPrecision":1,"nbExactWords":0,"words":1,"filters":1,"personalization":{"score":0,"rankingScore":0,"filtersScore":0,"textualRelevanceBucket":1,"initialPosition":285,"newPosition":285}}},{"brandCode":"csd2832","pzn":"05566172","productName":"Salus® Kräuterblut® Floradix® Eisen Folsäure","secondaryCategories":["Schwangerschaft & Stillzeit","Nahrungsergänzungsmittel","Vitaminpräparate","Folsäure","Vitamine & Mineralstoffe","Vitamin- & Mineralstoff Kombinationen","Black Friday®","40% und mehr","Herz, Kreislauf & Gefäße","Konzentration & Leistungsfähigkeit","Landingpages","Flash Deal Mineralstoffe","Sportlernährstoffe","Eisen","Black Friday®","Wohl durch den Winter","Landingpages","Vorsatz: Vitamine & Mineralstoffe","Landingpages","SHOP APOTHEKE NOW!","Geschenke für Sie & Ihn","Geschenke für Sie","Specials","Muttertags-Special","Valentinstag-Special","Valentinstagsgeschenke für Frauen","Oster-Special","Geschenke für Sie","Redirects","Geschenke für die Dame","Muttertags-Special","Muttertags-Geschenke","Healthy Deals","Healthy Deals Reiseapotheke","Healthy Deals","Healthy Deals Aktionsprodukte","Healthy Deals","Healthy Deals Ernährung, Sport & Abnehmen","Landingpages","Healthy Deals App-Angebote"],"manufacturer":"SALUS Pharma GmbH","pharmaForm":"Dragees","brand":"Kräuterblut Floradix","brandIntern":"Floradix®","subBrandIntern":"Kräuterblut®","activeSubstances":["Folsäure","Nicotinamid","Cyanocobalamin","Eisen(II)-D-gluconat","Ascorbinsäure","Riboflavin","Pyridoxin hydrochlorid","Thiamin hydrochlorid"],"additiveSubstances":["Croscarmellose natrium","Carnaubawachs","Eisenoxide und -hydroxide","Siliciumdioxid","Cellulose","Speisefettsäuren, Calciumsalze","Tausendgüldenkraut-Extrakt","Fenchel-Extrakt","Hagebutteschalen-Extrakt","Saccharose","Brennnessel-Blätter-Extrakt","Maisstärke","Spinatblätter-Extrakt","Hefe-Trockenextrakt","Polysorbat 80","Povidon","Schellack","Titandioxid","Wachs, gebleichtes","Wachs, gelbes","Arabisches Gummi","Karotten-Extrakt","Calciumcarbonat","Talkum"],"additiveSubstancesHtml":"<ul><li>Croscarmellose natrium</li><li>Carnaubawachs</li><li>Eisenoxide und -hydroxide</li><li>Siliciumdioxid</li><li>Cellulose</li><li>Speisefettsäuren, Calciumsalze</li><li>Tausendgüldenkraut-Extrakt</li><li>Fenchel-Extrakt</li><li>Hagebutteschalen-Extrakt</li><li>Saccharose</li><li>Brennnessel-Blätter-Extrakt</li><li>Maisstärke</li><li>Spinatblätter-Extrakt</li><li>Hefe-Trockenextrakt</li><li>Polysorbat 80</li><li>Povidon</li><li>Schellack</li><li>Titandioxid</li><li>Wachs, gebleichtes</li><li>Wachs, gelbes</li><li>Arabisches Gummi</li><li>Karotten-Extrakt</li><li>Calciumcarbonat</li><li>Talkum</li></ul>","descriptionShort":"Zur Versorgung mit Eisen und B-Vitaminen","keywords":["eisen","eisen Tabletten","Eisentabletten","Eisenmangel","Folsäure"],"unit":"St","unitQuantityString":"84","masterID":"05566172","indicationRanges":["Mineralstoffe (Therapie und Substitution)","Verschiedene Mineralstoff-Präparate","Sonstige"],"ratingCount":57,"averageRating":4.9,"attributes":["Lebensmittel","Nahrungsergänzungsmittel"],"prescriptionMedicine":false,"price":862,"listPrice":1196,"netRetailPrice":821,"priceFormatted":"€ 8,62","listPriceFormatted":"€ 11,96","potency":"","ifap":"","image":"https://cdn.shop-apotheke.com/images/salus-kraeuterblut-floradix-eisen-folsaeure-dragees-D05566172-p1.jpg","hasImage":true,"deeplink":"arzneimittel/5566172/salus-kraeuterblut-floradix-eisen-folsaeure.htm","applicablePromotions":"","variantDetails":"05566172|05566172|28|84 St|862|arzneimittel/5566172/salus-kraeuterblut-floradix-eisen-folsaeure.htm|product.stockStatus.available","stockStatus":"","stockStatusReason":"product.stockStatus.available","inStock":true,"pricePerUnit":"","discountInPercent":28,"created":1472742902000,"lastChanged":1598570088000,"ratingsLink":"/produktbewertungen/5566172/salus-kraeuterblut-floradix-eisen-folsaeure.htm","ean":"4004148323768","RPMultiplier":1,"ribbonText":"","primaryCategory":["Die Online-Apotheke für Deutschland","Die Online-Apotheke für Deutschland/Arzneimittel & weitere Produkte ","Die Online-Apotheke für Deutschland/Arzneimittel & weitere Produkte /Vitamine & Mineralstoffe","Die Online-Apotheke für Deutschland/Arzneimittel & weitere Produkte /Vitamine & Mineralstoffe/Mineralstoffe & Spurenelemente","Die Online-Apotheke für Deutschland/Arzneimittel & weitere Produkte /Vitamine & Mineralstoffe/Mineralstoffe & Spurenelemente/Eisen"],"topsellerCountBucket":10,"filterAttributes":["Lebensmittel","Nahrungsergänzungsmittel"],"filterRating":0.1,"packSize":"84 St","variants":[{"id":"05566172","text":"Zur Versorgung mit Eisen und B-Vitaminen","webDetailPath":"arzneimittel/5566172/salus-kraeuterblut-floradix-eisen-folsaeure.htm","stock":"product.stockStatus.available","active":true,"discount":"28","retailPrice":"862","listPrice":"1196","packSize":"84 St","nowProductGroup":"sameday_nextday","attributes":["Lebensmittel","Nahrungsergänzungsmittel"],"productName":"Salus® Kräuterblut® Floradix® Eisen Folsäure","pricePerUnit":"","imageUrl":"https://cdn.shop-apotheke.com/images/salus-kraeuterblut-floradix-eisen-folsaeure-dragees-D05566172-p1.jpg","pharmaForm":"Dragees","ribbonText":"","RPMultiplier":"1"}],"master":true,"marketplace":true,"nowProductGroup":"sameday_nextday","notOnStockMessage":"","stockStatusColor":"green","categoryCodes":["csd00001","csd00324","csd00328","csd00331","csd00175","csd00181","csd00362","csd00391","csd00344","csd00351","csd00352","csd00354","csd02320","csd01439","csd01434","csd01450","csd02271","csd02272","csd02352","csd02369","csd02764","csd01447","csd02765","csd01435","csd02959","csd03055","root","catalogs","main","landingpages","csd03339","csd03461","csd03526","csd02968","csd03569","csd03571","csd03575","csd00283","csd03623","csd03629","csd03635","csd03668","csd03690"],"prices":{"listPrice":{"amount":11.96,"net":11.39,"currency":"EUR","info":{"index":1,"text":"AVP / UVP"}},"retailPrice":{"amount":8.62,"net":8.21,"currency":"EUR","info":{"index":1,"text":"AVP / UVP"}}},"calculatedRatingRanking":3.78,"objectID":"05566172","_highlightResult":{"activeSubstances":[{"value":"Folsäure","matchLevel":"none","matchedWords":[]},{"value":"Nicotinamid","matchLevel":"none","matchedWords":[]},{"value":"Cyanocobalamin","matchLevel":"none","matchedWords":[]},{"value":"Eisen(II)-D-gluconat","matchLevel":"none","matchedWords":[]},{"value":"<ais-highlight-0000000000>A</ais-highlight-0000000000>scorbinsäure","matchLevel":"full","fullyHighlighted":false,"matchedWords":["a"]},{"value":"Riboflavin","matchLevel":"none","matchedWords":[]},{"value":"Pyridoxin hydrochlorid","matchLevel":"none","matchedWords":[]},{"value":"Thiamin hydrochlorid","matchLevel":"none","matchedWords":[]}]},"_rankingInfo":{"nbTypos":0,"firstMatchedWord":0,"proximityDistance":0,"userScore":314,"geoDistance":0,"geoPrecision":1,"nbExactWords":0,"words":1,"filters":1,"personalization":{"score":0,"rankingScore":0,"filtersScore":0,"textualRelevanceBucket":1,"initialPosition":286,"newPosition":286}}},{"brandCode":"csd2610","pzn":"02882777","productName":"nasic® für Kinder O.K. Nasenspray","secondaryCategories":["Ratgeber","Erkältung","Ratgeber","Schnupfen","Landingpages","Produktübersicht nasic®","Baby- & Kindergesundheit","Erkältung, Schmerzen & Fieber","Erkältung & Grippe","Schnupfen","Black Friday®","40% und mehr","Landingpages","NOW! Erkältung","Landingpages","NOW! Reiseapotheke","Landingpages","Flash Deal Erkaeltung","Black Friday®","Erkältungs-Produkte","Landingpages","SHOP APOTHEKE NOW!"],"manufacturer":"MCM KLOSTERFRAU Vertr. GmbH","pharmaForm":"Nasenspray","brand":"nasic","brandIntern":"nasic®","subBrandIntern":"","activeSubstances":["Dexpanthenol","Xylometazolin hydrochlorid"],"additiveSubstances":["Kaliumdihydrogenphosphat","Wasser, gereinigtes","Dinatriumhydrogenphosphat-12-Wasser"],"additiveSubstancesHtml":"<ul><li>Kaliumdihydrogenphosphat</li><li>Wasser, gereinigtes</li><li>Dinatriumhydrogenphosphat-12-Wasser</li></ul>","descriptionShort":"Zur Abschwellung der Nasenschleimhaut bei Schnupfen","keywords":["kindernasenspray"],"unit":"ml","unitQuantityString":"10","masterID":"02882777","indicationRanges":["Atemwegskrankheiten und grippale Infekte","Rhinologika, lokale Anwendung","Schnupfenmittel, Sympathomimetika-haltig"],"ratingCount":10,"averageRating":4.9,"attributes":["apothekenpflichtig","Arzneimittel"],"prescriptionMedicine":false,"price":417,"listPrice":609,"netRetailPrice":359,"priceFormatted":"€ 4,17","listPriceFormatted":"€ 6,09","potency":"","ifap":"","image":"https://cdn.shop-apotheke.com/images/nasic-fuer-kinder-o-k-nasenspray-nasenspray-D02882777-p1.jpg","hasImage":true,"deeplink":"arzneimittel/2882777/nasic-fuer-kinder-o-k-nasenspray.htm","applicablePromotions":"","variantDetails":"02882777|02882777|32|10 ml|417|arzneimittel/2882777/nasic-fuer-kinder-o-k-nasenspray.htm|product.stockStatus.available","stockStatus":"","stockStatusReason":"product.stockStatus.available","inStock":true,"pricePerUnit":"41,70 € / 100 ml","discountInPercent":32,"created":1445172357000,"lastChanged":1598578244000,"ratingsLink":"/produktbewertungen/2882777/nasic-fuer-kinder-o-k-nasenspray.htm","ean":"4008617225317","RPMultiplier":1,"ribbonText":"","primaryCategory":["Die Online-Apotheke für Deutschland","Die Online-Apotheke für Deutschland/Arzneimittel & weitere Produkte ","Die Online-Apotheke für Deutschland/Arzneimittel & weitere Produkte /Auge, Nase & Ohr","Die Online-Apotheke für Deutschland/Arzneimittel & weitere Produkte /Auge, Nase & Ohr/Nase","Die Online-Apotheke für Deutschland/Arzneimittel & weitere Produkte /Auge, Nase & Ohr/Nase/Schnupfen"],"topsellerCountBucket":10,"filterAttributes":[],"filterRating":0.1,"packSize":"10 ml","variants":[{"id":"02882777","text":"Zur Abschwellung der Nasenschleimhaut bei Schnupfen","webDetailPath":"arzneimittel/2882777/nasic-fuer-kinder-o-k-nasenspray.htm","stock":"product.stockStatus.available","active":true,"discount":"32","retailPrice":"417","listPrice":"609","packSize":"10 ml","nowProductGroup":"nextday","attributes":["apothekenpflichtig","Arzneimittel"],"productName":"nasic® für Kinder O.K. Nasenspray","pricePerUnit":"41,70 € / 100 ml","imageUrl":"https://cdn.shop-apotheke.com/images/nasic-fuer-kinder-o-k-nasenspray-nasenspray-D02882777-p1.jpg","pharmaForm":"Nasenspray","ribbonText":"","RPMultiplier":"1"}],"master":true,"marketplace":true,"nowProductGroup":"nextday","notOnStockMessage":"","stockStatusColor":"green","categoryCodes":["csd00001","csd00020","csd00028","csd00033","csd00362","csd02667","csd00372","csd00374","csd00061","csd01060","root","catalogs","main","themeshop","csd01135","csd01430","csd01434","csd02271","csd02272","landingpages","csd02377","csd02862","csd03339","csd03341","csd03476","csd03524"],"prices":{"listPrice":{"amount":6.09,"net":5.25,"currency":"EUR","info":{"index":1,"text":"AVP / UVP"}},"retailPrice":{"amount":4.17,"net":3.59,"currency":"EUR","info":{"index":1,"text":"AVP / UVP"}}},"calculatedRatingRanking":2.9,"objectID":"02882777","_highlightResult":{"activeSubstances":[{"value":"Dexpanthenol","matchLevel":"none","matchedWords":[]},{"value":"Xylometazolin hydrochlorid","matchLevel":"none","matchedWords":[]}]},"_rankingInfo":{"nbTypos":0,"firstMatchedWord":0,"proximityDistance":0,"userScore":313,"geoDistance":0,"geoPrecision":1,"nbExactWords":0,"words":1,"filters":1,"personalization":{"score":0,"rankingScore":0,"filtersScore":0,"textualRelevanceBucket":1,"initialPosition":287,"newPosition":287}}},{"brandCode":"csd2370","pzn":"14064541","productName":"Crataegutt® 450 mg Herz-Kreislauf-Tabletten","secondaryCategories":["Herz, Kreislauf & Gefäße","Herzstärkung","Geschenke Themenwelt","Gesundheit schenken","Landingpages","SHOP APOTHEKE NOW!","Healthy Deals","Healthy Deals Reiseapotheke","Healthy Deals","Healthy Deals Aktionsprodukte","Landingpages","Healthy Deals App-Angebote"],"manufacturer":"Dr.Willmar Schwabe GmbH & Co.KG","pharmaForm":"Filmtabletten","brand":"Crataegutt","brandIntern":"Crataegutt®","subBrandIntern":"","activeSubstances":["Weißdorn-Blätter-, -Blüten-Trockenextrakt (4-6,6:1); Auszugsmittel: Ethanol 45% (m/m)"],"additiveSubstances":["Croscarmellose natrium","Hypromellose","Siliciumdioxid, hochdisperses","Saccharin natrium","Cellulose, mikrokristalline","Eisen(III)-oxid","Magnesium stearat (pflanzlich)","Citronensäure","Macrogol 400","Macrogol 6000","Titandioxid","Talkum"],"additiveSubstancesHtml":"<ul><li>Croscarmellose natrium</li><li>Hypromellose</li><li>Siliciumdioxid, hochdisperses</li><li>Saccharin natrium</li><li>Cellulose, mikrokristalline</li><li>Eisen(III)-oxid</li><li>Magnesium stearat (pflanzlich)</li><li>Citronensäure</li><li>Macrogol 400</li><li>Macrogol 6000</li><li>Titandioxid</li><li>Talkum</li></ul>","descriptionShort":"Zur Unterstützung der Herz-Kreislauf-Funktion","keywords":[],"unit":"St","unitQuantityString":"200","masterID":"14064529","indicationRanges":["Herzwirksame Pharmaka","Phytopharmaka","Crataegushaltig, herzglykosidfrei"],"ratingCount":113,"averageRating":4.89,"attributes":["pflanzlich","Arzneimittel"],"prescriptionMedicine":false,"price":5203,"listPrice":6522,"netRetailPrice":4485,"priceFormatted":"€ 52,03","listPriceFormatted":"€ 65,22","potency":"","ifap":"Traditionelles pflanzliches Arzneimittel zur Unterstützung der Herz-Kreislauf-Funktion, ausschließlich auf Grund langjähriger Anwendung.","image":"https://cdn.shop-apotheke.com/images/crataegutt-450-mg-herz-kreislauf-tabletten-filmtabletten-D14064541-p1.jpg","hasImage":true,"deeplink":"arzneimittel/14064541/crataegutt-450-mg-herz-kreislauf-tabletten.htm","applicablePromotions":"","variantDetails":"14064529|14064541|20|200 St|5203|arzneimittel/14064541/crataegutt-450-mg-herz-kreislauf-tabletten.htm|product.stockStatus.available","stockStatus":"","stockStatusReason":"product.stockStatus.available","inStock":true,"pricePerUnit":"","discountInPercent":20,"created":1534247418000,"lastChanged":1598572614000,"ratingsLink":"/produktbewertungen/14064541/crataegutt-450-mg-herz-kreislauf-tabletten.htm","ean":"","RPMultiplier":1,"ribbonText":"","primaryCategory":["Die Online-Apotheke für Deutschland","Die Online-Apotheke für Deutschland/Homöopathie & Naturprodukte","Die Online-Apotheke für Deutschland/Homöopathie & Naturprodukte/Anwendungsgebiete","Die Online-Apotheke für Deutschland/Homöopathie & Naturprodukte/Anwendungsgebiete/Pflanzlich","Die Online-Apotheke für Deutschland/Homöopathie & Naturprodukte/Anwendungsgebiete/Pflanzlich/Herz & Kreislauf"],"topsellerCountBucket":10,"filterAttributes":["pflanzlich"],"filterRating":0.11,"packSize":"200 St","variants":[{"id":"14064529","text":"Zur Unterstützung der Herz-Kreislauf-Funktion","webDetailPath":"arzneimittel/14064529/crataegutt-450-mg-herz-kreislauf-tabletten.htm","stock":"product.stockStatus.available","active":true,"discount":"20","retailPrice":"1743","listPrice":"2168","packSize":"50 St","nowProductGroup":"sameday_nextday","attributes":["pflanzlich","Arzneimittel"],"productName":"Crataegutt® 450 mg Herz-Kreislauf-Tabletten","pricePerUnit":"","imageUrl":"https://cdn.shop-apotheke.com/images/crataegutt-450-mg-herz-kreislauf-tabletten-filmtabletten-D14064529-p1.jpg","pharmaForm":"Filmtabletten","ribbonText":"","RPMultiplier":"1"},{"id":"14064535","text":"Zur Unterstützung der Herz-Kreislauf-Funktion","webDetailPath":"arzneimittel/14064535/crataegutt-450-mg-herz-kreislauf-tabletten.htm","stock":"product.stockStatus.available","active":false,"discount":"20","retailPrice":"2919","listPrice":"3645","packSize":"100 St","nowProductGroup":"sameday_nextday","attributes":["pflanzlich","Arzneimittel"],"productName":"Crataegutt® 450 mg Herz-Kreislauf-Tabletten","pricePerUnit":"","imageUrl":"https://cdn.shop-apotheke.com/images/crataegutt-450-mg-herz-kreislauf-tabletten-filmtabletten-D14064535-p1.jpg","pharmaForm":"Filmtabletten","ribbonText":"","RPMultiplier":"1"},{"id":"14064541","text":"Zur Unterstützung der Herz-Kreislauf-Funktion","webDetailPath":"arzneimittel/14064541/crataegutt-450-mg-herz-kreislauf-tabletten.htm","stock":"product.stockStatus.available","active":false,"discount":"20","retailPrice":"5203","listPrice":"6522","packSize":"200 St","nowProductGroup":"sameday_nextday","attributes":["pflanzlich","Arzneimittel"],"productName":"Crataegutt® 450 mg Herz-Kreislauf-Tabletten","pricePerUnit":"","imageUrl":"https://cdn.shop-apotheke.com/images/crataegutt-450-mg-herz-kreislauf-tabletten-filmtabletten-D14064541-p1.jpg","pharmaForm":"Filmtabletten","ribbonText":"","RPMultiplier":"1"},{"id":"08096329","text":"Zur Unterstützung der Herz-Kreislauf-Funktion","webDetailPath":"arzneimittel/8096329/crataegutt-450-mg-herz-kreislauf-tabletten.htm","stock":"product.stockStatus.available","active":false,"discount":"24","retailPrice":"9886","listPrice":"13044","packSize":"2X200 St","nowProductGroup":"sameday_nextday","attributes":["Arzneimittel"],"productName":"Crataegutt® 450 mg Herz-Kreislauf-Tabletten","pricePerUnit":"","imageUrl":"https://cdn.shop-apotheke.com/images/crataegutt-450-mg-herz-kreislauf-tabletten-filmtabletten-D08096329-p1.jpg","pharmaForm":"Filmtabletten","ribbonText":"Sparset","RPMultiplier":"1"}],"master":false,"marketplace":false,"nowProductGroup":"sameday_nextday","notOnStockMessage":"","stockStatusColor":"green","categoryCodes":["csd00850","csd00851","csd00884","csd00895","csd00001","csd00175","csd00180","csd02764","csd02770","csd01458","root","catalogs","main","landingpages","csd03339","csd03461","csd01434","csd02968","csd03569","csd03635"],"prices":{"listPrice":{"amount":65.22,"net":56.22,"currency":"EUR","info":{"index":1,"text":"AVP / UVP"}},"retailPrice":{"amount":52.03,"net":44.85,"currency":"EUR","info":{"index":1,"text":"AVP / UVP"}}},"calculatedRatingRanking":4.16,"objectID":"14064541","_highlightResult":{"activeSubstances":[{"value":"Weißdorn-Blätter-, -Blüten-Trockenextrakt (4-6,6:1); <ais-highlight-0000000000>A</ais-highlight-0000000000>uszugsmittel: Ethanol 45% (m/m)","matchLevel":"full","fullyHighlighted":false,"matchedWords":["a"]}]},"_rankingInfo":{"nbTypos":0,"firstMatchedWord":0,"proximityDistance":0,"userScore":312,"geoDistance":0,"geoPrecision":1,"nbExactWords":0,"words":1,"filters":1,"personalization":{"score":0,"rankingScore":0,"filtersScore":0,"textualRelevanceBucket":1,"initialPosition":288,"newPosition":288}}},{"brandCode":"csd02796","pzn":"13155661","productName":"VIGANTOL® 500 I.E. Vitamin D3","secondaryCategories":["Ratgeber","Vitamin D3 Mangel","Landingpages","Vigantolvit®","Black Friday®","40% und mehr","Landingpages","Flash Deal Mineralstoffe","Landingpages","Adventskalender Türchen 20","Landingpages","RedPoints Moonlight Aktion","Landingpages","Abo Produkte"],"manufacturer":"P&G Health Germany GmbH","pharmaForm":"Tabletten","brand":"Vigantol","brandIntern":"VIGANTOL®","subBrandIntern":"","activeSubstances":["Colecalciferol"],"additiveSubstances":["Magnesium stearat","Siliciumdioxid, hochdisperses","Cellulose, mikrokristalline","Stärke, modifiziert","Carboxymethylstärke, Natrium Typ C","Mannitol","Triglyceride, mittelkettige","Natrium ascorbat","Saccharose","Maisstärke","DL-α-Tocopherol","Talkum"],"additiveSubstancesHtml":"<ul><li>Magnesium stearat</li><li>Siliciumdioxid, hochdisperses</li><li>Cellulose, mikrokristalline</li><li>Stärke, modifiziert</li><li>Carboxymethylstärke, Natrium Typ C</li><li>Mannitol</li><li>Triglyceride, mittelkettige</li><li>Natrium ascorbat</li><li>Saccharose</li><li>Maisstärke</li><li>DL-α-Tocopherol</li><li>Talkum</li></ul>","descriptionShort":"Zur Vorbeugung bei erkennbarem Risiko einer Vitamin-D-Mangelerkrankung","keywords":[],"unit":"St","unitQuantityString":"100","masterID":"13155655","indicationRanges":["Vitamine","Vitamin D und Derivate","Vitamin D (Monopräparate)"],"ratingCount":18,"averageRating":4.89,"attributes":["apothekenpflichtig","Arzneimittel","ABO"],"prescriptionMedicine":false,"price":597,"listPrice":730,"netRetailPrice":515,"priceFormatted":"€ 5,97","listPriceFormatted":"€ 7,30","potency":"","ifap":"Das Arzneimittel ist ein Vitaminpräparat: es enthält Colecalciferol (entspricht Vitamin D3). Es wird angewendet:Zur Vorbeugung gegen Rachitis (Verkalkungsstörungen des Skeletts im Wachstumsalter) und Osteomalazie (Knochenerweichung bei Erwachsenen) Zur Vorbeugung gegen Rachitis (Verkalkungsstörungen des Skeletts im Wachstumsalter) bei Frühgeborenen Zur Vorbeugung bei erkennbarem Risiko einer Vitamin-D-Mangelerkrankung bei ansonsten Gesunden ohne Resorptionsstörung (Störung der Aufnahme von Vitamin D im Darm) bei Kindern und Erwachsenen Zur unterstützenden Behandlung der Osteoporose (Abbau des Knochengewebes) bei Erwachsenen","image":"https://cdn.shop-apotheke.com/images/vigantol-500-i-e-vitamin-d3-tabletten-D13155661-p1.jpg","hasImage":true,"deeplink":"arzneimittel/13155661/vigantol-500-i-e-vitamin-d3.htm","applicablePromotions":"","variantDetails":"13155655|13155661|18|100 St|597|arzneimittel/13155661/vigantol-500-i-e-vitamin-d3.htm|product.stockStatus.available","stockStatus":"","stockStatusReason":"product.stockStatus.available","inStock":true,"pricePerUnit":"","discountInPercent":18,"created":1511252712000,"lastChanged":1598572396000,"ratingsLink":"/produktbewertungen/13155661/vigantol-500-i-e-vitamin-d3.htm","ean":"","RPMultiplier":1,"ribbonText":"","primaryCategory":["Die Online-Apotheke für Deutschland","Die Online-Apotheke für Deutschland/Arzneimittel & weitere Produkte ","Die Online-Apotheke für Deutschland/Arzneimittel & weitere Produkte /Vitamine & Mineralstoffe","Die Online-Apotheke für Deutschland/Arzneimittel & weitere Produkte /Vitamine & Mineralstoffe/Vitaminpräparate","Die Online-Apotheke für Deutschland/Arzneimittel & weitere Produkte /Vitamine & Mineralstoffe/Vitaminpräparate/Vitamin D"],"topsellerCountBucket":10,"filterAttributes":["ABO"],"filterRating":0.11,"packSize":"100 St","variants":[{"id":"13155655","text":"Zur Vorbeugung bei erkennbarem Risiko einer Vitamin-D-Mangelerkrankung","webDetailPath":"arzneimittel/13155655/vigantol-500-i-e-vitamin-d3.htm","stock":"product.stockStatus.available","active":true,"discount":"5","retailPrice":"393","listPrice":"413","packSize":"50 St","nowProductGroup":"sameday_nextday","attributes":["apothekenpflichtig","Arzneimittel"],"productName":"VIGANTOL® 500 I.E. Vitamin D3","pricePerUnit":"","imageUrl":"https://cdn.shop-apotheke.com/images/vigantol-500-i-e-vitamin-d3-tabletten-D13155655-p1.jpg","pharmaForm":"Tabletten","ribbonText":"","RPMultiplier":"1"},{"id":"13155661","text":"Zur Vorbeugung bei erkennbarem Risiko einer Vitamin-D-Mangelerkrankung","webDetailPath":"arzneimittel/13155661/vigantol-500-i-e-vitamin-d3.htm","stock":"product.stockStatus.available","active":false,"discount":"18","retailPrice":"597","listPrice":"730","packSize":"100 St","nowProductGroup":"sameday_nextday","attributes":["apothekenpflichtig","Arzneimittel","ABO"],"productName":"VIGANTOL® 500 I.E. Vitamin D3","pricePerUnit":"","imageUrl":"https://cdn.shop-apotheke.com/images/vigantol-500-i-e-vitamin-d3-tabletten-D13155661-p1.jpg","pharmaForm":"Tabletten","ribbonText":"","RPMultiplier":"1"}],"master":false,"marketplace":true,"nowProductGroup":"sameday_nextday","notOnStockMessage":"","stockStatusColor":"green","categoryCodes":["csd00001","csd00324","csd00352","csd00358","csd01434","csd02271","csd02272","root","catalogs","main","landingpages","csd02954","csd03516","csd03526","csd03678","csd03692","themeshop","csd1526"],"prices":{"listPrice":{"amount":7.3,"net":6.29,"currency":"EUR","info":{"index":1,"text":"AVP / UVP"}},"retailPrice":{"amount":5.97,"net":5.15,"currency":"EUR","info":{"index":1,"text":"AVP / UVP"}}},"calculatedRatingRanking":3.13,"objectID":"13155661","_highlightResult":{"activeSubstances":[{"value":"Colecalciferol","matchLevel":"none","matchedWords":[]}]},"_rankingInfo":{"nbTypos":0,"firstMatchedWord":0,"proximityDistance":0,"userScore":311,"geoDistance":0,"geoPrecision":1,"nbExactWords":0,"words":1,"filters":1,"personalization":{"score":0,"rankingScore":0,"filtersScore":0,"textualRelevanceBucket":1,"initialPosition":289,"newPosition":289}}},{"brandCode":"csd01847","pzn":"12399935","productName":"Tyrosur® Wundheilgel + 5g Tyrosur CareExpert Wundgel Probe GRATIS","secondaryCategories":["Black Friday®","30% und mehr","Landingpages","Weltgesundheitstag: Hausapotheke","Landingpages","SHOP APOTHEKE NOW!"],"manufacturer":"Engelhard Arzneimittel GmbH & Co.KG","pharmaForm":"Gel","brand":"Tyrosur","brandIntern":"Tyrosur®","subBrandIntern":"","activeSubstances":["Tyrothricin"],"additiveSubstances":["Cetylpyridinium chlorid-1-Wasser","Carbomer 980","Wasser, gereinigtes","Propylenglycol","Trometamol","Ethanol 96% (V/V)"],"additiveSubstancesHtml":"<ul><li>Cetylpyridinium chlorid-1-Wasser</li><li>Carbomer 980</li><li>Wasser, gereinigtes</li><li>Propylenglycol</li><li>Trometamol</li><li>Ethanol 96% (V/V)</li></ul>","descriptionShort":"Zur Behandlung infizierter Wunden","keywords":[],"unit":"g","unitQuantityString":"25","masterID":"12399929","indicationRanges":["Dermatotherapeutika","Therapie von infizierten und nicht infizierten Hautläsionen","Antibiotika- und/ oder sulfonamidhaltige Präparate"],"ratingCount":64,"averageRating":4.89,"attributes":["apothekenpflichtig","Arzneimittel"],"prescriptionMedicine":false,"price":1058,"listPrice":1443,"netRetailPrice":912,"priceFormatted":"€ 10,58","listPriceFormatted":"€ 14,43","potency":"","ifap":"Das Präparat ist ein Wundbehandlungsmittel. Das Arzneimittel wird angewendetzur lindernden Behandlung von kleinflächigen, oberflächlichen, wenig nässenden Wunden mit bakterieller Superinfektion mit Tyrothricin-empfindlichen Erregern wie z. B. Riss-, Kratz-, Schürfwunden.","image":"https://cdn.shop-apotheke.com/images/tyrosur-wundheilgel-gel-D12399935-p1.jpg","hasImage":true,"deeplink":"arzneimittel/12399935/tyrosur-wundheilgel.htm","applicablePromotions":"promotion=1+1","variantDetails":"12399929|12399935|27|25 g|1058|arzneimittel/12399935/tyrosur-wundheilgel.htm|product.stockStatus.available","stockStatus":"","stockStatusReason":"product.stockStatus.available","inStock":true,"pricePerUnit":"42,32 € / 100 g","discountInPercent":27,"created":1498743318000,"lastChanged":1598572248000,"ratingsLink":"/produktbewertungen/12399935/tyrosur-wundheilgel.htm","ean":"","RPMultiplier":1,"ribbonText":"Aktion","primaryCategory":["Die Online-Apotheke für Deutschland","Die Online-Apotheke für Deutschland/Arzneimittel & weitere Produkte ","Die Online-Apotheke für Deutschland/Arzneimittel & weitere Produkte /Haus- & Reiseapotheke","Die Online-Apotheke für Deutschland/Arzneimittel & weitere Produkte /Haus- & Reiseapotheke/Hausapotheke","Die Online-Apotheke für Deutschland/Arzneimittel & weitere Produkte /Haus- & Reiseapotheke/Hausapotheke/Wundheilung"],"topsellerCountBucket":10,"filterAttributes":[],"filterRating":0.11,"packSize":"25 g","variants":[{"id":"12399929","text":"Zur Behandlung infizierter Wunden","webDetailPath":"arzneimittel/12399929/tyrosur-wundheilgel.htm","stock":"product.stockStatus.available","active":true,"discount":"22","retailPrice":"454","listPrice":"582","packSize":"5 g","nowProductGroup":"nextday","attributes":["apothekenpflichtig","Arzneimittel"],"productName":"Tyrosur® Wundheilgel","pricePerUnit":"90,80 € / 100 g","imageUrl":"https://cdn.shop-apotheke.com/images/tyrosur-wundheilgel-gel-D12399929-p1.jpg","pharmaForm":"Gel","ribbonText":"","RPMultiplier":"1"},{"id":"11886455","text":"Zur Behandlung infizierter Wunden","webDetailPath":"arzneimittel/11886455/tyrosur-wundheilgel.htm","stock":"product.stockStatus.available","active":false,"discount":"20","retailPrice":"778","listPrice":"972","packSize":"15 g","nowProductGroup":"sameday_nextday","attributes":["apothekenpflichtig","Arzneimittel"],"productName":"Tyrosur® Wundheilgel + 5g Tyrosur CareExpert Wundgel Probe GRATIS","pricePerUnit":"51,87 € / 100 g","imageUrl":"https://cdn.shop-apotheke.com/images/tyrosur-wundheilgel-gel-D11886455-p1.jpg","pharmaForm":"Gel","ribbonText":"Aktion","RPMultiplier":"1"},{"id":"12399935","text":"Zur Behandlung infizierter Wunden","webDetailPath":"arzneimittel/12399935/tyrosur-wundheilgel.htm","stock":"product.stockStatus.available","active":false,"discount":"27","retailPrice":"1058","listPrice":"1443","packSize":"25 g","nowProductGroup":"sameday_nextday","attributes":["apothekenpflichtig","Arzneimittel"],"productName":"Tyrosur® Wundheilgel + 5g Tyrosur CareExpert Wundgel Probe GRATIS","pricePerUnit":"42,32 € / 100 g","imageUrl":"https://cdn.shop-apotheke.com/images/tyrosur-wundheilgel-gel-D12399935-p1.jpg","pharmaForm":"Gel","ribbonText":"Aktion","RPMultiplier":"1"}],"master":false,"marketplace":false,"nowProductGroup":"sameday_nextday","notOnStockMessage":"","stockStatusColor":"green","categoryCodes":["csd00001","csd00077","csd02753","csd00141","csd01434","csd02271","csd02859","root","catalogs","main","landingpages","csd03339","csd03939"],"prices":{"listPrice":{"amount":14.43,"net":12.44,"currency":"EUR","info":{"index":1,"text":"AVP / UVP"}},"retailPrice":{"amount":10.58,"net":9.12,"currency":"EUR","info":{"index":1,"text":"AVP / UVP"}}},"calculatedRatingRanking":3.84,"objectID":"12399935","_highlightResult":{"activeSubstances":[{"value":"Tyrothricin","matchLevel":"none","matchedWords":[]}]},"_rankingInfo":{"nbTypos":0,"firstMatchedWord":0,"proximityDistance":0,"userScore":310,"geoDistance":0,"geoPrecision":1,"nbExactWords":0,"words":1,"filters":1,"personalization":{"score":0,"rankingScore":0,"filtersScore":0,"textualRelevanceBucket":1,"initialPosition":290,"newPosition":290}}},{"brandCode":"csd2871","pzn":"12388021","productName":"Folio® forte","secondaryCategories":["Schwangerschaft & Stillzeit","Nahrungsergänzungsmittel","Vitaminpräparate","Vitamin B","Black Friday®","30% und mehr","Landingpages","Flash Deal Mineralstoffe","Sportlernährstoffe","Vitamin B","Landingpages","SHOP APOTHEKE NOW!"],"manufacturer":"SteriPharm Pharmazeutische Produkte GmbH & Co. KG","pharmaForm":"Filmtabletten","brand":"Folio","brandIntern":"Folio®","subBrandIntern":"Phase 1","activeSubstances":["Folsäure","Kaliumiodid","Cyanocobalamin","Colecalciferol"],"additiveSubstances":["Hypromellose","Cellulose","Glucose","Speisefettsäuren, Magnesiumsalze","Calciumhydrogenphosphat"],"additiveSubstancesHtml":"<ul><li>Hypromellose</li><li>Cellulose</li><li>Glucose</li><li>Speisefettsäuren, Magnesiumsalze</li><li>Calciumhydrogenphosphat</li></ul>","descriptionShort":"Für die Entwicklung des Kindes","keywords":["folio forte","folio","folio 1","folio 1 forte","folioforte"],"unit":"St","unitQuantityString":"90","masterID":"12388021","indicationRanges":["Vitamine","B-Vitamine","Sonstige Kombinationen"],"ratingCount":26,"averageRating":4.89,"attributes":["Lebensmittel","Nahrungsergänzungsmittel"],"prescriptionMedicine":false,"price":659,"listPrice":765,"netRetailPrice":628,"priceFormatted":"€ 6,59","listPriceFormatted":"€ 7,65","potency":"","ifap":"","image":"https://cdn.shop-apotheke.com/images/folio-forte-filmtabletten-D12388021-p1.jpg","hasImage":true,"deeplink":"baby/12388021/folio-forte.htm","applicablePromotions":"","variantDetails":"12388021|12388021|14|90 St|659|baby/12388021/folio-forte.htm|product.stockStatus.available","stockStatus":"","stockStatusReason":"product.stockStatus.available","inStock":true,"pricePerUnit":"","discountInPercent":14,"created":1487608030000,"lastChanged":1598572242000,"ratingsLink":"/produktbewertungen/12388021/folio-forte.htm","ean":"","RPMultiplier":1,"ribbonText":"","primaryCategory":["Die Online-Apotheke für Deutschland","Die Online-Apotheke für Deutschland/Baby & Familie","Die Online-Apotheke für Deutschland/Baby & Familie/Kinderwunsch","Die Online-Apotheke für Deutschland/Baby & Familie/Kinderwunsch/Nahrungsergänzungsmittel"],"topsellerCountBucket":10,"filterAttributes":["Lebensmittel","Nahrungsergänzungsmittel"],"filterRating":0.11,"packSize":"90 St","variants":[{"id":"12388021","text":"Für die Entwicklung des Kindes","webDetailPath":"baby/12388021/folio-forte.htm","stock":"product.stockStatus.available","active":true,"discount":"14","retailPrice":"659","listPrice":"765","packSize":"90 St","nowProductGroup":"sameday_nextday","attributes":["Lebensmittel","Nahrungsergänzungsmittel"],"productName":"Folio® forte","pricePerUnit":"","imageUrl":"https://cdn.shop-apotheke.com/images/folio-forte-filmtabletten-D12388021-p1.jpg","pharmaForm":"Filmtabletten","ribbonText":"","RPMultiplier":"1"}],"master":true,"marketplace":true,"nowProductGroup":"sameday_nextday","notOnStockMessage":"","stockStatusColor":"green","categoryCodes":["csd00362","csd00388","csd02298","csd00391","csd00344","csd00001","csd00324","csd00352","csd00356","csd01434","csd02271","csd02859","root","catalogs","main","landingpages","csd03339","csd03526","csd03575","csd00283","csd03623","csd03633"],"prices":{"listPrice":{"amount":7.65,"net":7.29,"currency":"EUR","info":{"index":1,"text":"AVP / UVP"}},"retailPrice":{"amount":6.59,"net":6.28,"currency":"EUR","info":{"index":1,"text":"AVP / UVP"}}},"calculatedRatingRanking":3.32,"objectID":"12388021","_highlightResult":{"activeSubstances":[{"value":"Folsäure","matchLevel":"none","matchedWords":[]},{"value":"Kaliumiodid","matchLevel":"none","matchedWords":[]},{"value":"Cyanocobalamin","matchLevel":"none","matchedWords":[]},{"value":"Colecalciferol","matchLevel":"none","matchedWords":[]}]},"_rankingInfo":{"nbTypos":0,"firstMatchedWord":0,"proximityDistance":0,"userScore":309,"geoDistance":0,"geoPrecision":1,"nbExactWords":0,"words":1,"filters":1,"personalization":{"score":0,"rankingScore":0,"filtersScore":0,"textualRelevanceBucket":1,"initialPosition":291,"newPosition":291}}},{"brandCode":"","pzn":"10333576","productName":"MediGel® Schnelle Wundheilung","secondaryCategories":["Landingpages","Medice Reiseapotheke: Gesund durch den Urlaub!","Black Friday®","30% und mehr","Landingpages","NOW! Schmerzen","Landingpages","NOW! Reiseapotheke","Landingpages","SHOP APOTHEKE NOW!","Healthy Deals","Healthy Deals Ernährung, Sport & Abnehmen","Landingpages","Healthy Deals App-Angebote"],"manufacturer":"MEDICE Arzneimittel Pütter GmbH&Co.KG","pharmaForm":"Gel","brand":"","brandIntern":"MediGel®","subBrandIntern":"","activeSubstances":["Spurenelementlösung"],"additiveSubstances":["Benzylalkohol","2-Methyl-1,2-thiazol-3(2H)-on","5-Chlor-2-methyl-1,2-thiazol-3(2H)-on","Siliciumdioxid, hochdisperses","Poly-O-(2-hydroypropyl)stärkepoly-O,O'-(hydrogenphosphat)","Cetylalkohol","PEG-200 hydriertes Glycerolpalmitat","Palmölmonoglycerid, hydriert","Wasser, gereinigtes","Octyldodecanol","Polihexanid","DL-α-Tocopherol"],"additiveSubstancesHtml":"<ul><li>Benzylalkohol</li><li>2-Methyl-1,2-thiazol-3(2H)-on</li><li>5-Chlor-2-methyl-1,2-thiazol-3(2H)-on</li><li>Siliciumdioxid, hochdisperses</li><li>Poly-O-(2-hydroypropyl)stärkepoly-O,O'-(hydrogenphosphat)</li><li>Cetylalkohol</li><li>PEG-200 hydriertes Glycerolpalmitat</li><li>Palmölmonoglycerid, hydriert</li><li>Wasser, gereinigtes</li><li>Octyldodecanol</li><li>Polihexanid</li><li>DL-α-Tocopherol</li></ul>","descriptionShort":"Zur Behandlung akuter und chronischer Wunden","keywords":[],"unit":"g","unitQuantityString":"50","masterID":"10333547","indicationRanges":["Dermatotherapeutika","Therapie von infizierten und nicht infizierten Hautläsionen","Förderung der Wundheilung"],"ratingCount":57,"averageRating":4.89,"attributes":[],"prescriptionMedicine":false,"price":924,"listPrice":1143,"netRetailPrice":797,"priceFormatted":"€ 9,24","listPriceFormatted":"€ 11,43","potency":"","ifap":"","image":"https://cdn.shop-apotheke.com/images/medigel-schnelle-wundheilung-gel-D10333576-p1.jpg","hasImage":true,"deeplink":"arzneimittel/10333576/medigel-schnelle-wundheilung.htm","applicablePromotions":"","variantDetails":"10333547|10333576|19|50 g|924|arzneimittel/10333576/medigel-schnelle-wundheilung.htm|product.stockStatus.available","stockStatus":"","stockStatusReason":"product.stockStatus.available","inStock":true,"pricePerUnit":"18,48 € / 100 g","discountInPercent":19,"created":1445163951000,"lastChanged":1598571737000,"ratingsLink":"/produktbewertungen/10333576/medigel-schnelle-wundheilung.htm","ean":"4251595200658","RPMultiplier":1,"ribbonText":"","primaryCategory":["Die Online-Apotheke für Deutschland","Die Online-Apotheke für Deutschland/Arzneimittel & weitere Produkte ","Die Online-Apotheke für Deutschland/Arzneimittel & weitere Produkte /Haus- & Reiseapotheke","Die Online-Apotheke für Deutschland/Arzneimittel & weitere Produkte /Haus- & Reiseapotheke/Hausapotheke","Die Online-Apotheke für Deutschland/Arzneimittel & weitere Produkte /Haus- & Reiseapotheke/Hausapotheke/Wundheilung"],"topsellerCountBucket":10,"filterAttributes":[],"filterRating":0.11,"packSize":"50 g","variants":[{"id":"10333547","text":"Zur Behandlung akuter und chronischer Wunden","webDetailPath":"arzneimittel/10333547/medigel-schnelle-wundheilung.htm","stock":"product.stockStatus.available","active":true,"discount":"12","retailPrice":"556","listPrice":"631","packSize":"20 g","nowProductGroup":"sameday_nextday","attributes":[],"productName":"MediGel® Schnelle Wundheilung","pricePerUnit":"27,80 € / 100 g","imageUrl":"https://cdn.shop-apotheke.com/images/medigel-schnelle-wundheilung-gel-D10333547-p1.jpg","pharmaForm":"Gel","ribbonText":"","RPMultiplier":"1"},{"id":"10333576","text":"Zur Behandlung akuter und chronischer Wunden","webDetailPath":"arzneimittel/10333576/medigel-schnelle-wundheilung.htm","stock":"product.stockStatus.available","active":false,"discount":"19","retailPrice":"924","listPrice":"1143","packSize":"50 g","nowProductGroup":"sameday_nextday","attributes":[],"productName":"MediGel® Schnelle Wundheilung","pricePerUnit":"18,48 € / 100 g","imageUrl":"https://cdn.shop-apotheke.com/images/medigel-schnelle-wundheilung-gel-D10333576-p1.jpg","pharmaForm":"Gel","ribbonText":"","RPMultiplier":"1"}],"master":false,"marketplace":true,"nowProductGroup":"sameday_nextday","notOnStockMessage":"","stockStatusColor":"green","categoryCodes":["csd00001","csd00077","csd02753","csd00141","csd01434","csd02271","csd02859","root","catalogs","main","landingpages","csd03109","csd03339","csd03461","csd03475","csd03476","csd02968","csd03571"],"prices":{"listPrice":{"amount":11.43,"net":9.85,"currency":"EUR","info":{"index":1,"text":"AVP / UVP"}},"retailPrice":{"amount":9.24,"net":7.97,"currency":"EUR","info":{"index":1,"text":"AVP / UVP"}}},"calculatedRatingRanking":3.77,"objectID":"10333576","_highlightResult":{"activeSubstances":[{"value":"Spurenelementlösung","matchLevel":"none","matchedWords":[]}]},"_rankingInfo":{"nbTypos":0,"firstMatchedWord":0,"proximityDistance":0,"userScore":308,"geoDistance":0,"geoPrecision":1,"nbExactWords":0,"words":1,"filters":1,"personalization":{"score":0,"rankingScore":0,"filtersScore":0,"textualRelevanceBucket":1,"initialPosition":292,"newPosition":292}}},{"brandCode":"","pzn":"04652521","productName":"Wasserstoffperoxid-Lösung 3%","secondaryCategories":["Mund- & Zahnpflege","Mundwasser & - spülungen","Healthy Deals","RedPoints-Aktion"],"manufacturer":"P.W. Beyvers GmbH","pharmaForm":"Lösung","brand":"","brandIntern":"P.W. Beyvers","subBrandIntern":"Wasserstoffperoxid","activeSubstances":["Wasserstoffperoxid-Lösung 3%"],"additiveSubstances":["Wasser, gereinigtes","Phosphorsäure"],"additiveSubstancesHtml":"<ul><li>Wasser, gereinigtes</li><li>Phosphorsäure</li></ul>","descriptionShort":"Zum Spülen und Wundreinigen","keywords":[],"unit":"ml","unitQuantityString":"1000","masterID":"04652515","indicationRanges":["Mund-/ Rachentherapeutika und Zahnpflege","Mund-/ Rachentherapeutika","Spül- und Gurgelmittel"],"ratingCount":53,"averageRating":4.89,"attributes":["Arzneimittel"],"prescriptionMedicine":false,"price":510,"listPrice":0,"netRetailPrice":440,"priceFormatted":"€ 5,10","listPriceFormatted":"","potency":"","ifap":"","image":"https://cdn.shop-apotheke.com/images/wasserstoffperoxid-loesung-3-loesung-D04652521-p10.jpg","hasImage":true,"deeplink":"arzneimittel/4652521/wasserstoffperoxid-loesung-3.htm","applicablePromotions":"","variantDetails":"04652515|04652521|0|1000 ml|510|arzneimittel/4652521/wasserstoffperoxid-loesung-3.htm|product.stockStatus.available","stockStatus":"","stockStatusReason":"product.stockStatus.available","inStock":true,"pricePerUnit":"5,10 € / l","discountInPercent":0,"created":1445164513000,"lastChanged":1598612830000,"ratingsLink":"/produktbewertungen/4652521/wasserstoffperoxid-loesung-3.htm","ean":"","RPMultiplier":1,"ribbonText":"","primaryCategory":["Die Online-Apotheke für Deutschland","Die Online-Apotheke für Deutschland/Arzneimittel & weitere Produkte ","Die Online-Apotheke für Deutschland/Arzneimittel & weitere Produkte /Haus- & Reiseapotheke","Die Online-Apotheke für Deutschland/Arzneimittel & weitere Produkte /Haus- & Reiseapotheke/Hausapotheke","Die Online-Apotheke für Deutschland/Arzneimittel & weitere Produkte /Haus- & Reiseapotheke/Hausapotheke/Wundheilung"],"topsellerCountBucket":10,"filterAttributes":[],"filterRating":0.11,"packSize":"1000 ml","variants":[{"id":"04652515","text":"Zum Spülen und Wundreinigen","webDetailPath":"arzneimittel/4652515/wasserstoffperoxid-loesung-3.htm","stock":"product.stockStatus.available","active":true,"discount":"0","retailPrice":"185","listPrice":"0","packSize":"100 ml","nowProductGroup":"sameday_nextday","attributes":["Arzneimittel"],"productName":"Wasserstoffperoxid-Lösung 3%","pricePerUnit":"1,85 € / 100 ml","imageUrl":"https://cdn.shop-apotheke.com/images/wasserstoffperoxid-loesung-3-loesung-D04652515-p10.jpg","pharmaForm":"Lösung","ribbonText":"","RPMultiplier":"1"},{"id":"04652521","text":"Zum Spülen und Wundreinigen","webDetailPath":"arzneimittel/4652521/wasserstoffperoxid-loesung-3.htm","stock":"product.stockStatus.available","active":false,"discount":"0","retailPrice":"510","listPrice":"0","packSize":"1000 ml","nowProductGroup":"none","attributes":["Arzneimittel"],"productName":"Wasserstoffperoxid-Lösung 3%","pricePerUnit":"5,10 € / l","imageUrl":"https://cdn.shop-apotheke.com/images/wasserstoffperoxid-loesung-3-loesung-D04652521-p10.jpg","pharmaForm":"Lösung","ribbonText":"","RPMultiplier":"1"}],"master":false,"marketplace":true,"nowProductGroup":"none","notOnStockMessage":"","stockStatusColor":"green","categoryCodes":["csd00001","csd00077","csd02753","csd00141","csd00244","csd00253","csd01434","csd02968","csd03288"],"prices":{"listPrice":null,"retailPrice":{"amount":5.1,"net":4.4,"currency":"EUR","info":{"index":1,"text":"AVP / UVP"}}},"calculatedRatingRanking":3.73,"objectID":"04652521","_highlightResult":{"activeSubstances":[{"value":"Wasserstoffperoxid-Lösung 3%","matchLevel":"none","matchedWords":[]}]},"_rankingInfo":{"nbTypos":0,"firstMatchedWord":0,"proximityDistance":0,"userScore":307,"geoDistance":0,"geoPrecision":1,"nbExactWords":0,"words":1,"filters":1,"personalization":{"score":0,"rankingScore":0,"filtersScore":0,"textualRelevanceBucket":1,"initialPosition":293,"newPosition":293}}},{"brandCode":"csd01929","pzn":"02894355","productName":"DUCRAY KELUAL DS Shampoo","secondaryCategories":["Haut","Neurodermitis & Schuppenflechte","Ratgeber","Haarpflege","Haare & Kopfhaut","Schuppiges Haar","Märchenhafte Geschenkewelt","Sterntaler","Geschenke nach Budget","Geschenke bis 30 Euro","Landingpages","Beauty Topseller","Landingpages","Beauty-Topseller: 10% Rabatt mit beauty2019 sichern!","Landingpages","Flash Deal Beauty","UNSERE ADVENTS-ÜBERASCHUNG EXKLUSIV FÜR UNSERE BESTEN KUNDEN.","Advent 1","Landingpages","SHOP APOTHEKE NOW!"],"manufacturer":"PIERRE FABRE DERMO KOSMETIK GmbH GB - DUCRAY A-DERMA PFD","pharmaForm":"Shampoo","brand":"Ducray","brandIntern":"DUCRAY","subBrandIntern":"KELUAL","activeSubstances":["N-Dodecyl-N,N-dimethylammonioacetat","2-Hydroxy-N-(2-hydroxyethyl)propionamid","Pyrithion zink","Ciclopirox olamin"],"additiveSubstances":["Natrium laureth sulfat","PEG-7 glycerol cocoat","Polyquaternium-10","Parfüm","Kokos glucosid","Distearyl phthalsäureamid","Ceteareth-60 myristyl glycol","Natrium polynaphthalensulfonat","Wasser, gereinigtes","Natriumchlorid","Enoxolon","Polysorbat 20"],"additiveSubstancesHtml":"<ul><li>Natrium laureth sulfat</li><li>PEG-7 glycerol cocoat</li><li>Polyquaternium-10</li><li>Parfüm</li><li>Kokos glucosid</li><li>Distearyl phthalsäureamid</li><li>Ceteareth-60 myristyl glycol</li><li>Natrium polynaphthalensulfonat</li><li>Wasser, gereinigtes</li><li>Natriumchlorid</li><li>Enoxolon</li><li>Polysorbat 20</li></ul>","descriptionShort":"Wirkt unangenehmen Hautausschlägen und Ekzemen im Bereich der Kopfhaut entgegen und verhindert das Wiederauftreten von Schuppen. ","keywords":[],"unit":"ml","unitQuantityString":"100","masterID":"02894355","indicationRanges":["Kosmetika und Kinderpflegemittel","Haut-/ Haarreinigung inkl. Bade- und Duschzusätze"],"ratingCount":44,"averageRating":4.89,"attributes":[],"prescriptionMedicine":false,"price":1324,"listPrice":1550,"netRetailPrice":1141,"priceFormatted":"€ 13,24","listPriceFormatted":"€ 15,50","potency":"","ifap":"","image":"https://cdn.shop-apotheke.com/images/ducray-kelual-ds-shampoo-shampoo-D02894355-p1.jpg","hasImage":true,"deeplink":"beauty/2894355/ducray-kelual-ds-shampoo.htm","applicablePromotions":"","variantDetails":"02894355|02894355|15|100 ml|1324|beauty/2894355/ducray-kelual-ds-shampoo.htm|product.stockStatus.available","stockStatus":"","stockStatusReason":"product.stockStatus.available","inStock":true,"pricePerUnit":"13,24 € / 100 ml","discountInPercent":15,"created":1445167521000,"lastChanged":1598569327000,"ratingsLink":"/produktbewertungen/2894355/ducray-kelual-ds-shampoo.htm","ean":"3282779361286","RPMultiplier":1,"ribbonText":"","primaryCategory":["Die Online-Apotheke für Deutschland","Die Online-Apotheke für Deutschland/Beauty & Pflege","Die Online-Apotheke für Deutschland/Beauty & Pflege/Pflegende Kosmetik","Die Online-Apotheke für Deutschland/Beauty & Pflege/Pflegende Kosmetik/Ducray","Die Online-Apotheke für Deutschland/Beauty & Pflege/Pflegende Kosmetik/Ducray/Haarpflege","Die Online-Apotheke für Deutschland/Beauty & Pflege/Pflegende Kosmetik/Ducray/Haarpflege/Schuppen"],"topsellerCountBucket":10,"filterAttributes":[],"filterRating":0.11,"packSize":"100 ml","variants":[{"id":"02894355","text":"Wirkt unangenehmen Hautausschlägen und Ekzemen im Bereich der Kopfhaut entgegen und verhindert das Wiederauftreten von Schuppen. ","webDetailPath":"beauty/2894355/ducray-kelual-ds-shampoo.htm","stock":"product.stockStatus.available","active":true,"discount":"15","retailPrice":"1324","listPrice":"1550","packSize":"100 ml","nowProductGroup":"sameday_nextday","attributes":[],"productName":"DUCRAY KELUAL DS Shampoo","pricePerUnit":"13,24 € / 100 ml","imageUrl":"https://cdn.shop-apotheke.com/images/ducray-kelual-ds-shampoo-shampoo-D02894355-p1.jpg","pharmaForm":"Shampoo","ribbonText":"","RPMultiplier":"1"}],"master":true,"marketplace":true,"nowProductGroup":"sameday_nextday","notOnStockMessage":"","stockStatusColor":"green","categoryCodes":["csd00398","csd01229","csd00599","csd02895","csd00604","csd00615","csd00147","csd00154","csd00001","csd00144","csd00158","csd00166","root","catalogs","main","themeshop","csd01662","csd02764","csd02768","csd02833","csd01434","csd01454","csd02835","csd02836","landingpages","csd03339","csd03477","csd03489","csd03525","csd03646","csd03642"],"prices":{"listPrice":{"amount":15.5,"net":13.36,"currency":"EUR","info":{"index":1,"text":"AVP / UVP"}},"retailPrice":{"amount":13.24,"net":11.41,"currency":"EUR","info":{"index":1,"text":"AVP / UVP"}}},"calculatedRatingRanking":3.62,"objectID":"02894355","_highlightResult":{"activeSubstances":[{"value":"N-Dodecyl-N,N-dimethylammonioacetat","matchLevel":"none","matchedWords":[]},{"value":"2-Hydroxy-N-(2-hydroxyethyl)propionamid","matchLevel":"none","matchedWords":[]},{"value":"Pyrithion zink","matchLevel":"none","matchedWords":[]},{"value":"Ciclopirox olamin","matchLevel":"none","matchedWords":[]}]},"_rankingInfo":{"nbTypos":0,"firstMatchedWord":0,"proximityDistance":0,"userScore":306,"geoDistance":0,"geoPrecision":1,"nbExactWords":0,"words":1,"filters":1,"personalization":{"score":0,"rankingScore":0,"filtersScore":0,"textualRelevanceBucket":1,"initialPosition":294,"newPosition":294}}},{"brandCode":"csd01822","pzn":"02411032","productName":"Maaloxan® 25 mVal Sodbrennen Suspension Beutel","secondaryCategories":["Black Friday®","30% und mehr","Landingpages","NOW! Reiseapotheke","Black Friday®","Wohl durch den Winter"],"manufacturer":"Sanofi-Aventis Deutschland GmbH GB Selbstmedikation /Consumer-Care","pharmaForm":"Suspension","brand":"Maaloxan","brandIntern":"Maaloxan®","subBrandIntern":"","activeSubstances":["Magnesiumhydroxid","Algeldrat"],"additiveSubstances":["Saccharin natrium","Salzsäure zur pH-Wert-Einstellung","Mannitol","Wasser, gereinigtes","Pfefferminzöl","Wasserstoffperoxid-Lösung 30%","Citronensäure monohydrat","Methyl-4-hydroxybenzoat","Propyl-4-hydroxybenzoat","Sorbitol 70"],"additiveSubstancesHtml":"<ul><li>Saccharin natrium</li><li>Salzsäure zur pH-Wert-Einstellung</li><li>Mannitol</li><li>Wasser, gereinigtes</li><li>Pfefferminzöl</li><li>Wasserstoffperoxid-Lösung 30%</li><li>Citronensäure monohydrat</li><li>Methyl-4-hydroxybenzoat</li><li>Propyl-4-hydroxybenzoat</li><li>Sorbitol 70</li></ul>","descriptionShort":"Bei Sodbrennen und säurebedingten Magenbeschwerden","keywords":[],"unit":"ml","unitQuantityString":"10X10","masterID":"02411032","indicationRanges":["Magen-Darm-wirksame Pharmaka","Antazida","Anorganische Basen"],"ratingCount":57,"averageRating":4.89,"attributes":["apothekenpflichtig","Arzneimittel"],"prescriptionMedicine":false,"price":740,"listPrice":872,"netRetailPrice":638,"priceFormatted":"€ 7,40","listPriceFormatted":"€ 8,72","potency":"","ifap":"Das Arzneimittel ist ein Mittel zur Bindung überschüssiger Magensäure und besteht aus den beiden Wirkstoffen Algedrat (Aluminiumhydroxid-Gel) und Magnesiumhydroxid. Es neutralisiert die überschüssige Magensäure und lindert damit den Schmerz und die Beschwerden. Es wird angewendet zur symptomatischen Behandlung von Erkrankungen, bei denen die Magensäure gebunden werden soll:Sodbrennen und säurebedingte Magenbeschwerden, Magen- oder Zwölffingerdarmgeschwüre (Ulcus ventriculi oder Ulcus duodeni). ","image":"https://cdn.shop-apotheke.com/images/maaloxan-25-mval-sodbrennen-suspension-beutel-suspension-D02411032-p1.jpg","hasImage":true,"deeplink":"arzneimittel/2411032/maaloxan-25-mval-sodbrennen-suspension-beutel.htm","applicablePromotions":"promotion=Extra RedPoints","variantDetails":"02411032|02411032|15|10X10 ml|740|arzneimittel/2411032/maaloxan-25-mval-sodbrennen-suspension-beutel.htm|product.stockStatus.available","stockStatus":"","stockStatusReason":"product.stockStatus.available","inStock":true,"pricePerUnit":"7,40 € / 100 ml","discountInPercent":15,"created":1445169631000,"lastChanged":1598569102000,"ratingsLink":"/produktbewertungen/2411032/maaloxan-25-mval-sodbrennen-suspension-beutel.htm","ean":"4008617520825","RPMultiplier":10,"ribbonText":"","primaryCategory":["Die Online-Apotheke für Deutschland","Die Online-Apotheke für Deutschland/Arzneimittel & weitere Produkte ","Die Online-Apotheke für Deutschland/Arzneimittel & weitere Produkte /Magen & Darm","Die Online-Apotheke für Deutschland/Arzneimittel & weitere Produkte /Magen & Darm/Sodbrennen"],"topsellerCountBucket":10,"filterAttributes":[],"filterRating":0.11,"packSize":"10X10 ml","variants":[{"id":"02411032","text":"Bei Sodbrennen und säurebedingten Magenbeschwerden","webDetailPath":"arzneimittel/2411032/maaloxan-25-mval-sodbrennen-suspension-beutel.htm","stock":"product.stockStatus.available","active":true,"discount":"15","retailPrice":"740","listPrice":"872","packSize":"10X10 ml","nowProductGroup":"sameday_nextday","attributes":["apothekenpflichtig","Arzneimittel"],"productName":"Maaloxan® 25 mVal Sodbrennen Suspension Beutel","pricePerUnit":"7,40 € / 100 ml","imageUrl":"https://cdn.shop-apotheke.com/images/maaloxan-25-mval-sodbrennen-suspension-beutel-suspension-D02411032-p1.jpg","pharmaForm":"Suspension","ribbonText":"","RPMultiplier":"10"},{"id":"01427367","text":"Bei Sodbrennen und säurebedingten Magenbeschwerden","webDetailPath":"arzneimittel/1427367/maaloxan-25-mval-sodbrennen-suspension-beutel.htm","stock":"product.stockStatus.available","active":false,"discount":"17","retailPrice":"1167","listPrice":"1408","packSize":"20X10 ml","nowProductGroup":"sameday_nextday","attributes":["apothekenpflichtig","Arzneimittel"],"productName":"Maaloxan® 25 mVal Sodbrennen Suspension Beutel","pricePerUnit":"5,84 € / 100 ml","imageUrl":"https://cdn.shop-apotheke.com/images/maaloxan-25-mval-sodbrennen-suspension-beutel-suspension-D01427367-p1.jpg","pharmaForm":"Suspension","ribbonText":"","RPMultiplier":"10"},{"id":"01427373","text":"Bei Sodbrennen und säurebedingten Magenbeschwerden","webDetailPath":"arzneimittel/1427373/maaloxan-25-mval-sodbrennen-suspension-beutel.htm","stock":"product.stockStatus.nl","active":false,"discount":"17","retailPrice":"2571","listPrice":"3110","packSize":"50X10 ml","nowProductGroup":"none","attributes":["apothekenpflichtig","Arzneimittel"],"productName":"Maaloxan® 25 mVal Sodbrennen Suspension Beutel","pricePerUnit":"51,42 € / l","imageUrl":"https://cdn.shop-apotheke.com/images/maaloxan-25-mval-sodbrennen-suspension-beutel-suspension-D01427373-p1.jpg","pharmaForm":"Suspension","ribbonText":"","RPMultiplier":"1"}],"master":true,"marketplace":true,"nowProductGroup":"sameday_nextday","notOnStockMessage":"","stockStatusColor":"green","categoryCodes":["csd00001","csd00219","csd00229","csd01434","csd02271","csd02859","root","catalogs","main","landingpages","csd03476","csd03668"],"prices":{"listPrice":{"amount":8.72,"net":7.52,"currency":"EUR","info":{"index":1,"text":"AVP / UVP"}},"retailPrice":{"amount":7.4,"net":6.38,"currency":"EUR","info":{"index":1,"text":"AVP / UVP"}}},"calculatedRatingRanking":3.77,"objectID":"02411032","_highlightResult":{"activeSubstances":[{"value":"Magnesiumhydroxid","matchLevel":"none","matchedWords":[]},{"value":"<ais-highlight-0000000000>A</ais-highlight-0000000000>lgeldrat","matchLevel":"full","fullyHighlighted":false,"matchedWords":["a"]}]},"_rankingInfo":{"nbTypos":0,"firstMatchedWord":0,"proximityDistance":0,"userScore":305,"geoDistance":0,"geoPrecision":1,"nbExactWords":0,"words":1,"filters":1,"personalization":{"score":0,"rankingScore":0,"filtersScore":0,"textualRelevanceBucket":1,"initialPosition":295,"newPosition":295}}},{"brandCode":"csd2428","pzn":"02195485","productName":"FORMIGRAN® bei Migräne","secondaryCategories":["Landingpages","NOW! Schmerzen","Landingpages","SHOP APOTHEKE NOW!"],"manufacturer":"GlaxoSmithKline Consumer Healthcare","pharmaForm":"Filmtabletten","brand":"FORMIGRAN","brandIntern":"FORMIGRAN®","subBrandIntern":"","activeSubstances":["Naratriptan hydrochlorid"],"additiveSubstances":["Magnesium stearat","Croscarmellose natrium","Hypromellose","Eisen(III)-oxidhydrat, schwarz","Cellulose, mikrokristalline","Triacetin","Lactose","Titandioxid","Indigodisulfonsäure, Aluminiumsalz"],"additiveSubstancesHtml":"<ul><li>Magnesium stearat</li><li>Croscarmellose natrium</li><li>Hypromellose</li><li>Eisen(III)-oxidhydrat, schwarz</li><li>Cellulose, mikrokristalline</li><li>Triacetin</li><li>Lactose</li><li>Titandioxid</li><li>Indigodisulfonsäure, Aluminiumsalz</li></ul>","descriptionShort":"Zur akuten Behandlung der Kopfschmerzphasen von Migräneanfällen","keywords":["naratriptan","triptan"],"unit":"St","unitQuantityString":"2","masterID":"02195485","indicationRanges":["Migräne-Therapie","Mittel bei akuten Migräneattacken","Serotoninagonisten (Triptane)"],"ratingCount":56,"averageRating":4.89,"attributes":["apothekenpflichtig","Arzneimittel"],"prescriptionMedicine":false,"price":740,"listPrice":1065,"netRetailPrice":638,"priceFormatted":"€ 7,40","listPriceFormatted":"€ 10,65","potency":"","ifap":"Das Präparat ist ein selektiver Serotonin-(5-HT1)-Rezeptoragonist und wird als Migränetherapeutikum eingesetzt. Es wird angewendet zur akuten Behandlung der Kopfschmerzphasen von Migräneanfällen mit und ohne Aura.","image":"https://cdn.shop-apotheke.com/images/formigran-bei-migraene-filmtabletten-D02195485-p1.jpg","hasImage":true,"deeplink":"arzneimittel/2195485/formigran-bei-migraene.htm","applicablePromotions":"","variantDetails":"02195485|02195485|31|2 St|740|arzneimittel/2195485/formigran-bei-migraene.htm|product.stockStatus.available","stockStatus":"","stockStatusReason":"product.stockStatus.available","inStock":true,"pricePerUnit":"","discountInPercent":31,"created":1445165712000,"lastChanged":1598569050000,"ratingsLink":"/produktbewertungen/2195485/formigran-bei-migraene.htm","ean":"4026600662604","RPMultiplier":1,"ribbonText":"","primaryCategory":["Die Online-Apotheke für Deutschland","Die Online-Apotheke für Deutschland/Arzneimittel & weitere Produkte ","Die Online-Apotheke für Deutschland/Arzneimittel & weitere Produkte /Schmerzen","Die Online-Apotheke für Deutschland/Arzneimittel & weitere Produkte /Schmerzen/Migräne"],"topsellerCountBucket":10,"filterAttributes":[],"filterRating":0.11,"packSize":"2 St","variants":[{"id":"02195485","text":"Zur akuten Behandlung der Kopfschmerzphasen von Migräneanfällen","webDetailPath":"arzneimittel/2195485/formigran-bei-migraene.htm","stock":"product.stockStatus.available","active":true,"discount":"31","retailPrice":"740","listPrice":"1065","packSize":"2 St","nowProductGroup":"sameday_nextday","attributes":["apothekenpflichtig","Arzneimittel"],"productName":"FORMIGRAN® bei Migräne","pricePerUnit":"","imageUrl":"https://cdn.shop-apotheke.com/images/formigran-bei-migraene-filmtabletten-D02195485-p1.jpg","pharmaForm":"Filmtabletten","ribbonText":"","RPMultiplier":"1"}],"master":true,"marketplace":true,"nowProductGroup":"sameday_nextday","notOnStockMessage":"","stockStatusColor":"green","categoryCodes":["csd00001","csd00269","csd00278","root","catalogs","main","landingpages","csd03339","csd03475"],"prices":{"listPrice":{"amount":10.65,"net":9.18,"currency":"EUR","info":{"index":1,"text":"AVP / UVP"}},"retailPrice":{"amount":7.4,"net":6.38,"currency":"EUR","info":{"index":1,"text":"AVP / UVP"}}},"calculatedRatingRanking":3.76,"objectID":"02195485","_highlightResult":{"activeSubstances":[{"value":"Naratriptan hydrochlorid","matchLevel":"none","matchedWords":[]}]},"_rankingInfo":{"nbTypos":0,"firstMatchedWord":0,"proximityDistance":0,"userScore":304,"geoDistance":0,"geoPrecision":1,"nbExactWords":0,"words":1,"filters":1,"personalization":{"score":0,"rankingScore":0,"filtersScore":0,"textualRelevanceBucket":1,"initialPosition":296,"newPosition":296}}},{"brandCode":"csd2843","pzn":"00255527","productName":"Berberil® N EDO® Einzeldosispipetten","secondaryCategories":["Trockenes Auge","Gereizte Augen","Ratgeber","Trockenes Auge","Black Friday®","40% und mehr","Allergie & Asthma","Allergische Bindehautentzündung","Landingpages","Topseller Allergie","Produkt-Promotions CRM","SHOP APOTHEKE NOW! Allergie","Landingpages","Weltgesundheitstag: Hausapotheke","Landingpages","SHOP APOTHEKE NOW!"],"manufacturer":"Dr. Gerhard Mann","pharmaForm":"Augentropfen","brand":"Berberil","brandIntern":"Berberil®","subBrandIntern":"N","activeSubstances":["Tetryzolin hydrochlorid"],"additiveSubstances":["Wasser für Injektionszwecke","Hypromellose","Natriumdihydrogenphosphat-2-Wasser","Dinatriumhydrogenphosphat-12-Wasser","Sorbitol"],"additiveSubstancesHtml":"<ul><li>Wasser für Injektionszwecke</li><li>Hypromellose</li><li>Natriumdihydrogenphosphat-2-Wasser</li><li>Dinatriumhydrogenphosphat-12-Wasser</li><li>Sorbitol</li></ul>","descriptionShort":"Zur Anwendung bei Augenreizungen und allergische Entzündungen des Auges","keywords":[],"unit":"ml","unitQuantityString":"20X0,5","masterID":"00255510","indicationRanges":["Ophthalmika","Vasokonstringentien","Monopräparate"],"ratingCount":47,"averageRating":4.89,"attributes":["apothekenpflichtig","Arzneimittel"],"prescriptionMedicine":false,"price":871,"listPrice":1262,"netRetailPrice":751,"priceFormatted":"€ 8,71","listPriceFormatted":"€ 12,62","potency":"","ifap":"Das Präparat ist ein Arzneimittel zur Beeinflussung des Organnervensystems (vegetatives Nervensystem) aus der Arzneigruppe der alpha-Sympathomimetika. Das Arzneimittel wird angewendet bei:Augenreizungen, z. B. durch Rauch, Wind, gechlortes Wasser und Licht allergischen Entzündungen des Auges, z. B. Heufieber und Blütenstaubüberempfindlichkeit.","image":"https://cdn.shop-apotheke.com/images/berberil-n-edo-einzeldosispipetten-augentropfen-D00255527-p1.jpg","hasImage":true,"deeplink":"arzneimittel/255527/berberil-n-edo-einzeldosispipetten.htm","applicablePromotions":"","variantDetails":"00255510|00255527|31|20X0,5 ml|871|arzneimittel/255527/berberil-n-edo-einzeldosispipetten.htm|product.stockStatus.available","stockStatus":"","stockStatusReason":"product.stockStatus.available","inStock":true,"pricePerUnit":"87,10 € / 100 ml","discountInPercent":31,"created":1445169346000,"lastChanged":1598568311000,"ratingsLink":"/produktbewertungen/255527/berberil-n-edo-einzeldosispipetten.htm","ean":"4030571005544","RPMultiplier":1,"ribbonText":"","primaryCategory":["Die Online-Apotheke für Deutschland","Die Online-Apotheke für Deutschland/Arzneimittel & weitere Produkte ","Die Online-Apotheke für Deutschland/Arzneimittel & weitere Produkte /Auge, Nase & Ohr","Die Online-Apotheke für Deutschland/Arzneimittel & weitere Produkte /Auge, Nase & Ohr/Auge","Die Online-Apotheke für Deutschland/Arzneimittel & weitere Produkte /Auge, Nase & Ohr/Auge/Augenreizungen"],"topsellerCountBucket":10,"filterAttributes":[],"filterRating":0.11,"packSize":"20X0,5 ml","variants":[{"id":"00255510","text":"Zur Anwendung bei Augenreizungen und allergische Entzündungen des Auges","webDetailPath":"arzneimittel/255510/berberil-n-edo-einzeldosispipetten.htm","stock":"product.stockStatus.available","active":true,"discount":"37","retailPrice":"445","listPrice":"706","packSize":"10X0,5 ml","nowProductGroup":"sameday_nextday","attributes":["apothekenpflichtig","Arzneimittel"],"productName":"Berberil® N EDO® Einzeldosispipetten","pricePerUnit":"89,00 € / 100 ml","imageUrl":"https://cdn.shop-apotheke.com/images/berberil-n-edo-einzeldosispipetten-augentropfen-D00255510-p1.jpg","pharmaForm":"Augentropfen","ribbonText":"","RPMultiplier":"1"},{"id":"00255527","text":"Zur Anwendung bei Augenreizungen und allergische Entzündungen des Auges","webDetailPath":"arzneimittel/255527/berberil-n-edo-einzeldosispipetten.htm","stock":"product.stockStatus.available","active":false,"discount":"31","retailPrice":"871","listPrice":"1262","packSize":"20X0,5 ml","nowProductGroup":"sameday_nextday","attributes":["apothekenpflichtig","Arzneimittel"],"productName":"Berberil® N EDO® Einzeldosispipetten","pricePerUnit":"87,10 € / 100 ml","imageUrl":"https://cdn.shop-apotheke.com/images/berberil-n-edo-einzeldosispipetten-augentropfen-D00255527-p1.jpg","pharmaForm":"Augentropfen","ribbonText":"","RPMultiplier":"1"}],"master":false,"marketplace":true,"nowProductGroup":"sameday_nextday","notOnStockMessage":"","stockStatusColor":"green","categoryCodes":["csd00001","csd00020","csd00021","csd00023","csd00010","csd00013","root","catalogs","main","themeshop","csd01162","csd01165","csd01434","csd02271","csd02272","landingpages","csd03290","csd03339","csd03987","csd03988","csd03340","csd03939"],"prices":{"listPrice":{"amount":12.62,"net":10.88,"currency":"EUR","info":{"index":1,"text":"AVP / UVP"}},"retailPrice":{"amount":8.71,"net":7.51,"currency":"EUR","info":{"index":1,"text":"AVP / UVP"}}},"calculatedRatingRanking":3.66,"objectID":"00255527","_highlightResult":{"activeSubstances":[{"value":"Tetryzolin hydrochlorid","matchLevel":"none","matchedWords":[]}]},"_rankingInfo":{"nbTypos":0,"firstMatchedWord":0,"proximityDistance":0,"userScore":303,"geoDistance":0,"geoPrecision":1,"nbExactWords":0,"words":1,"filters":1,"personalization":{"score":0,"rankingScore":0,"filtersScore":0,"textualRelevanceBucket":1,"initialPosition":297,"newPosition":297}}},{"brandCode":"csd02935","pzn":"00230065","productName":"Combudoron® Gel","secondaryCategories":["Arzneimittel","Hauterkrankungen und -verletzungen","Arzneimittel","Haus- und Reiseapotheke ","Reiseapotheke","Sonnenbrand, Insektenstichen & Allergien","Landingpages","Begleiter für die Sommer- und Reisezeit von Weleda","Haut","Homöopathische Produkte","Landingpages","NOW! Reiseapotheke","Landingpages","RedPoints Moonlight Aktion","Landingpages","Flash Deal Homöopathie","Homöopathie & Naturprodukte","Homöopathie für Kinder","Baby- & Kindergesundheit","Homöopathie für Kinder","Healthy Deals","Healthy Deals Reiseapotheke","Healthy Deals","Healthy Deals Aktionsprodukte","Landingpages","Insektenschutz & Sonnenbrand","Landingpages","Sommerliche Erfrischung","Landingpages","Healthy Deals App-Angebote"],"manufacturer":"WELEDA AG","pharmaForm":"Gel","brand":"WELEDA","brandIntern":"WELEDA","subBrandIntern":"Combudoron®","activeSubstances":["Urtica urens ex herba recente Urtinktur","Arnika (Ganzpflanze)-Extrakt (1:1,1); Auszugsmittel: Ethanol 94% (m/m)"],"additiveSubstances":["Xanthan gummi","Wasser, gereinigtes","Ethanol 96% (V/V)","Glycerol 85%"],"additiveSubstancesHtml":"<ul><li>Xanthan gummi</li><li>Wasser, gereinigtes</li><li>Ethanol 96% (V/V)</li><li>Glycerol 85%</li></ul>","descriptionShort":"Die natürliche Alternative bei Sonnenbrand und Insektenstichen","keywords":[],"unit":"g","unitQuantityString":"25","masterID":"00230065","indicationRanges":["Dermatotherapeutika","Anthroposophika"],"ratingCount":10,"averageRating":4.89,"attributes":["apothekenpflichtig","homöopathisch","Arzneimittel"],"prescriptionMedicine":false,"price":651,"listPrice":905,"netRetailPrice":561,"priceFormatted":"€ 6,51","listPriceFormatted":"€ 9,05","potency":"","ifap":"","image":"https://cdn.shop-apotheke.com/images/combudoron-gel-gel-D00230065-p1.jpg","hasImage":true,"deeplink":"homoeopathie/230065/combudoron-gel.htm","applicablePromotions":"","variantDetails":"00230065|00230065|28|25 g|651|homoeopathie/230065/combudoron-gel.htm|product.stockStatus.available","stockStatus":"","stockStatusReason":"product.stockStatus.available","inStock":true,"pricePerUnit":"26,04 € / 100 g","discountInPercent":28,"created":1445172021000,"lastChanged":1598568295000,"ratingsLink":"/produktbewertungen/230065/combudoron-gel.htm","ean":"4001638046978","RPMultiplier":1,"ribbonText":"","primaryCategory":["Die Online-Apotheke für Deutschland","Die Online-Apotheke für Deutschland/Homöopathie & Naturprodukte","Die Online-Apotheke für Deutschland/Homöopathie & Naturprodukte/Anwendungsgebiete","Die Online-Apotheke für Deutschland/Homöopathie & Naturprodukte/Anwendungsgebiete/Homöopathisch","Die Online-Apotheke für Deutschland/Homöopathie & Naturprodukte/Anwendungsgebiete/Homöopathisch/Hautpflege"],"topsellerCountBucket":10,"filterAttributes":["homöopathisch"],"filterRating":0.11,"packSize":"25 g","variants":[{"id":"00230065","text":"Die natürliche Alternative bei Sonnenbrand und Insektenstichen","webDetailPath":"homoeopathie/230065/combudoron-gel.htm","stock":"product.stockStatus.available","active":true,"discount":"28","retailPrice":"651","listPrice":"905","packSize":"25 g","nowProductGroup":"sameday_nextday","attributes":["apothekenpflichtig","homöopathisch","Arzneimittel"],"productName":"Combudoron® Gel","pricePerUnit":"26,04 € / 100 g","imageUrl":"https://cdn.shop-apotheke.com/images/combudoron-gel-gel-D00230065-p1.jpg","pharmaForm":"Gel","ribbonText":"","RPMultiplier":"1"}],"master":true,"marketplace":true,"nowProductGroup":"sameday_nextday","notOnStockMessage":"","stockStatusColor":"green","categoryCodes":["csd00850","csd00851","csd00852","csd00864","csd00001","csd00144","csd00158","csd01085","csd00077","csd00116","csd01569","root","catalogs","main","brandshop","csd01497","csd01693","csd01668","csd01676","csd02760","landingpages","csd03099","csd00362","csd02667","csd00372","csd03186","csd03461","csd03476","csd03516","csd03523","csd01434","csd02968","csd03569","csd03635","csd04004","csd04411"],"prices":{"listPrice":{"amount":9.05,"net":7.8,"currency":"EUR","info":{"index":1,"text":"AVP / UVP"}},"retailPrice":{"amount":6.51,"net":5.61,"currency":"EUR","info":{"index":1,"text":"AVP / UVP"}}},"calculatedRatingRanking":2.9,"objectID":"00230065","_highlightResult":{"activeSubstances":[{"value":"Urtica urens ex herba recente Urtinktur","matchLevel":"none","matchedWords":[]},{"value":"<ais-highlight-0000000000>A</ais-highlight-0000000000>rnika (Ganzpflanze)-Extrakt (1:1,1); <ais-highlight-0000000000>A</ais-highlight-0000000000>uszugsmittel: Ethanol 94% (m/m)","matchLevel":"full","fullyHighlighted":false,"matchedWords":["a"]}]},"_rankingInfo":{"nbTypos":0,"firstMatchedWord":0,"proximityDistance":0,"userScore":302,"geoDistance":0,"geoPrecision":1,"nbExactWords":0,"words":1,"filters":1,"personalization":{"score":0,"rankingScore":0,"filtersScore":0,"textualRelevanceBucket":1,"initialPosition":298,"newPosition":298}}},{"brandCode":"csd01923","pzn":"00021367","productName":"DERMASENCE Mousse Reinigungsschaum","secondaryCategories":["Geschenke Themenwelt","Beauty schenken","Märchenhafte Geschenkewelt","Sterntaler","Geschenke für Sie & Ihn","Geschenke für Sie","Geschenke nach Budget","Geschenke bis 30 Euro","Landingpages","Beauty Top 20","Specials","Muttertags-Special","Valentinstag-Special","Valentinstagsgeschenke für Frauen","Oster-Special","Geschenke für Sie","Redirects","Geschenke für die Dame","Muttertags-Special","Muttertags-Geschenke","Landingpages","Beauty Topseller","Landingpages","Beauty-Topseller: 10% Rabatt mit beauty2019 sichern!","Landingpages","Topseller","Landingpages","SHOP APOTHEKE NOW!"],"manufacturer":"P&M COSMETICS GmbH & Co. KG","pharmaForm":"Schaum","brand":"Dermasence","brandIntern":"DERMASENCE","subBrandIntern":"","activeSubstances":["Glycolsäure","Natrium salicylat"],"additiveSubstances":["Cocamidopropyl betain","PEG-7 glycerol cocoat","Dinatrium cocoamphodiacetat","Parfüm","Natriumbenzoat","PEG-40 hydriertes Rizinusöl","Hydroxypropyl guar hydroxypropyltrimonium chlorid","Natriumhydroxid zur pH-Wert-Einstellung","Wasser, gereinigtes","Natriumchlorid","Propylenglycol","Kalium sorbat"],"additiveSubstancesHtml":"<ul><li>Cocamidopropyl betain</li><li>PEG-7 glycerol cocoat</li><li>Dinatrium cocoamphodiacetat</li><li>Parfüm</li><li>Natriumbenzoat</li><li>PEG-40 hydriertes Rizinusöl</li><li>Hydroxypropyl guar hydroxypropyltrimonium chlorid</li><li>Natriumhydroxid zur pH-Wert-Einstellung</li><li>Wasser, gereinigtes</li><li>Natriumchlorid</li><li>Propylenglycol</li><li>Kalium sorbat</li></ul>","descriptionShort":"Zur porentiefe Reinigung","keywords":[],"unit":"ml","unitQuantityString":"200","masterID":"00021367","indicationRanges":["Kosmetika und Kinderpflegemittel","Haut-/ Haarreinigung inkl. Bade- und Duschzusätze"],"ratingCount":63,"averageRating":4.89,"attributes":[],"prescriptionMedicine":false,"price":1148,"listPrice":1340,"netRetailPrice":990,"priceFormatted":"€ 11,48","listPriceFormatted":"€ 13,40","potency":"","ifap":"","image":"https://cdn.shop-apotheke.com/images/dermasence-mousse-reinigungsschaum-schaum-D00021367-p1.jpg","hasImage":true,"deeplink":"beauty/21367/dermasence-mousse-reinigungsschaum.htm","applicablePromotions":"","variantDetails":"00021367|00021367|14|200 ml|1148|beauty/21367/dermasence-mousse-reinigungsschaum.htm|product.stockStatus.available","stockStatus":"","stockStatusReason":"product.stockStatus.available","inStock":true,"pricePerUnit":"5,74 € / 100 ml","discountInPercent":14,"created":1445164550000,"lastChanged":1598568164000,"ratingsLink":"/produktbewertungen/21367/dermasence-mousse-reinigungsschaum.htm","ean":"","RPMultiplier":1,"ribbonText":"","primaryCategory":["Die Online-Apotheke für Deutschland","Die Online-Apotheke für Deutschland/Beauty & Pflege","Die Online-Apotheke für Deutschland/Beauty & Pflege/Hautbedürfnisse","Die Online-Apotheke für Deutschland/Beauty & Pflege/Hautbedürfnisse/Gesichtsreinigung & Masken"],"topsellerCountBucket":10,"filterAttributes":[],"filterRating":0.11,"packSize":"200 ml","variants":[{"id":"00021367","text":"Zur porentiefe Reinigung","webDetailPath":"beauty/21367/dermasence-mousse-reinigungsschaum.htm","stock":"product.stockStatus.available","active":true,"discount":"14","retailPrice":"1148","listPrice":"1340","packSize":"200 ml","nowProductGroup":"sameday_nextday","attributes":[],"productName":"DERMASENCE Mousse Reinigungsschaum","pricePerUnit":"5,74 € / 100 ml","imageUrl":"https://cdn.shop-apotheke.com/images/dermasence-mousse-reinigungsschaum-schaum-D00021367-p1.jpg","pharmaForm":"Schaum","ribbonText":"","RPMultiplier":"1"}],"master":true,"marketplace":false,"nowProductGroup":"sameday_nextday","notOnStockMessage":"","stockStatusColor":"green","categoryCodes":["csd00398","csd00615","csd00619","csd02320","csd01439","csd00001","csd01434","csd01450","csd02352","csd02369","csd02764","csd01447","csd02765","csd02770","csd02772","csd02768","csd02833","csd01454","csd02835","csd02836","csd01435","csd02959","csd03055","root","catalogs","main","landingpages","csd03058","csd03339","csd03477","csd03489","csd03648"],"prices":{"listPrice":{"amount":13.4,"net":11.55,"currency":"EUR","info":{"index":1,"text":"AVP / UVP"}},"retailPrice":{"amount":11.48,"net":9.9,"currency":"EUR","info":{"index":1,"text":"AVP / UVP"}}},"calculatedRatingRanking":3.83,"objectID":"00021367","_highlightResult":{"activeSubstances":[{"value":"Glycolsäure","matchLevel":"none","matchedWords":[]},{"value":"Natrium salicylat","matchLevel":"none","matchedWords":[]}]},"_rankingInfo":{"nbTypos":0,"firstMatchedWord":0,"proximityDistance":0,"userScore":301,"geoDistance":0,"geoPrecision":1,"nbExactWords":0,"words":1,"filters":1,"personalization":{"score":0,"rankingScore":0,"filtersScore":0,"textualRelevanceBucket":1,"initialPosition":299,"newPosition":299}}}]